{
    "currency_symbol": "USD",
    "quarterly": {
        "2025-06-30": {
            "date": "2025-06-30",
            "filing_date": "2025-08-05",
            "currency_symbol": "USD",
            "researchDevelopment": null,
            "effectOfAccountingCharges": null,
            "incomeBeforeTax": "18284000000.00",
            "minorityInterest": null,
            "netIncome": "14987000000.00",
            "sellingGeneralAdministrative": "14974000000.00",
            "sellingAndMarketingExpenses": "1279000000.00",
            "grossProfit": "42063000000.00",
            "reconciledDepreciation": "2210000000.00",
            "ebit": "18284000000.00",
            "ebitda": "20314000000.00",
            "depreciationAndAmortization": "2030000000.00",
            "nonOperatingIncomeNetOther": null,
            "operatingIncome": "18284000000.00",
            "otherOperatingExpenses": "51660000000.00",
            "interestExpense": "25032000000.00",
            "taxProvision": "3297000000.00",
            "interestIncome": "48241000000.00",
            "netInterestIncome": "23209000000.00",
            "extraordinaryItems": null,
            "nonRecurring": null,
            "otherItems": null,
            "incomeTaxExpense": "3297000000.00",
            "totalRevenue": "69944000000.00",
            "totalOperatingExpenses": "23779000000.00",
            "costOfRevenue": "27881000000.00",
            "totalOtherIncomeExpenseNet": null,
            "discontinuedOperations": null,
            "netIncomeFromContinuingOps": "14987000000.00",
            "netIncomeApplicableToCommonShares": "14630000000.00",
            "preferredStockAndOtherAdjustments": null
        },
        "2025-03-31": {
            "date": "2025-03-31",
            "filing_date": "2025-05-01",
            "currency_symbol": "USD",
            "researchDevelopment": "2578000000.00",
            "effectOfAccountingCharges": null,
            "incomeBeforeTax": "18408000000.00",
            "minorityInterest": null,
            "netIncome": "14643000000.00",
            "sellingGeneralAdministrative": "14427000000.00",
            "sellingAndMarketingExpenses": "1304000000.00",
            "grossProfit": "42005000000.00",
            "reconciledDepreciation": "2030000000.00",
            "ebit": "18408000000.00",
            "ebitda": "20438000000.00",
            "depreciationAndAmortization": "2030000000.00",
            "nonOperatingIncomeNetOther": null,
            "operatingIncome": "18408000000.00",
            "otherOperatingExpenses": "50499000000.00",
            "interestExpense": "23580000000.00",
            "taxProvision": "3765000000.00",
            "interestIncome": "46853000000.00",
            "netInterestIncome": "23273000000.00",
            "extraordinaryItems": null,
            "nonRecurring": null,
            "otherItems": null,
            "incomeTaxExpense": "3765000000.00",
            "totalRevenue": "68907000000.00",
            "totalOperatingExpenses": "23597000000.00",
            "costOfRevenue": "26902000000.00",
            "totalOtherIncomeExpenseNet": null,
            "discontinuedOperations": null,
            "netIncomeFromContinuingOps": "14643000000.00",
            "netIncomeApplicableToCommonShares": "14317000000.00",
            "preferredStockAndOtherAdjustments": null
        },
        "2024-12-31": {
            "date": "2024-12-31",
            "filing_date": "2025-02-14",
            "currency_symbol": "USD",
            "researchDevelopment": null,
            "effectOfAccountingCharges": null,
            "incomeBeforeTax": "17375000000.00",
            "minorityInterest": null,
            "netIncome": "14005000000.00",
            "sellingGeneralAdministrative": "12469000000.00",
            "sellingAndMarketingExpenses": "1335000000.00",
            "grossProfit": "40137000000.00",
            "reconciledDepreciation": "1965000000.00",
            "ebit": "17375000000.00",
            "ebitda": "19340000000.00",
            "depreciationAndAmortization": "1965000000.00",
            "nonOperatingIncomeNetOther": null,
            "operatingIncome": "17375000000.00",
            "otherOperatingExpenses": "49632000000.00",
            "interestExpense": "24216000000.00",
            "taxProvision": "3370000000.00",
            "interestIncome": "47566000000.00",
            "netInterestIncome": "23350000000.00",
            "extraordinaryItems": null,
            "nonRecurring": null,
            "otherItems": null,
            "incomeTaxExpense": "3370000000.00",
            "totalRevenue": "67007000000.00",
            "totalOperatingExpenses": "22762000000.00",
            "costOfRevenue": "26870000000.00",
            "totalOtherIncomeExpenseNet": "-2126000000.00",
            "discontinuedOperations": null,
            "netIncomeFromContinuingOps": "14005000000.00",
            "netIncomeApplicableToCommonShares": "13669000000.00",
            "preferredStockAndOtherAdjustments": null
        },
        "2024-09-30": {
            "date": "2024-09-30",
            "filing_date": "2024-10-30",
            "currency_symbol": "USD",
            "researchDevelopment": null,
            "effectOfAccountingCharges": null,
            "incomeBeforeTax": "16978000000.00",
            "minorityInterest": null,
            "netIncome": "12898000000.00",
            "sellingGeneralAdministrative": "12817000000.00",
            "sellingAndMarketingExpenses": "1258000000.00",
            "grossProfit": "39543000000.00",
            "reconciledDepreciation": "1967000000.00",
            "ebit": "16978000000.00",
            "ebitda": "18945000000.00",
            "depreciationAndAmortization": "1967000000.00",
            "nonOperatingIncomeNetOther": null,
            "operatingIncome": "16978000000.00",
            "otherOperatingExpenses": "52689000000.00",
            "interestExpense": "27011000000.00",
            "taxProvision": "4080000000.00",
            "interestIncome": "50416000000.00",
            "netInterestIncome": "23405000000.00",
            "extraordinaryItems": null,
            "nonRecurring": null,
            "otherItems": null,
            "incomeTaxExpense": "4080000000.00",
            "totalRevenue": "69667000000.00",
            "totalOperatingExpenses": "22565000000.00",
            "costOfRevenue": "30124000000.00",
            "totalOtherIncomeExpenseNet": "-20713000000.00",
            "discontinuedOperations": null,
            "netIncomeFromContinuingOps": "12898000000.00",
            "netIncomeApplicableToCommonShares": null,
            "preferredStockAndOtherAdjustments": null
        },
        "2024-06-30": {
            "date": "2024-06-30",
            "filing_date": "2024-08-02",
            "currency_symbol": "USD",
            "researchDevelopment": null,
            "effectOfAccountingCharges": null,
            "incomeBeforeTax": "23435000000.00",
            "minorityInterest": null,
            "netIncome": "18149000000.00",
            "sellingGeneralAdministrative": "12953000000.00",
            "sellingAndMarketingExpenses": "1221000000.00",
            "grossProfit": "39039000000.00",
            "reconciledDepreciation": "2002000000.00",
            "ebit": "23435000000.00",
            "ebitda": "25437000000.00",
            "depreciationAndAmortization": "2002000000.00",
            "nonOperatingIncomeNetOther": null,
            "operatingIncome": "23435000000.00",
            "otherOperatingExpenses": "44400000000.00",
            "interestExpense": "25767000000.00",
            "taxProvision": "5286000000.00",
            "interestIncome": "48513000000.00",
            "netInterestIncome": "22746000000.00",
            "extraordinaryItems": null,
            "nonRecurring": null,
            "otherItems": null,
            "incomeTaxExpense": "5286000000.00",
            "totalRevenue": "67835000000.00",
            "totalOperatingExpenses": "15604000000.00",
            "costOfRevenue": "28796000000.00",
            "totalOtherIncomeExpenseNet": "-3003000000.00",
            "discontinuedOperations": null,
            "netIncomeFromContinuingOps": "18149000000.00",
            "netIncomeApplicableToCommonShares": null,
            "preferredStockAndOtherAdjustments": null
        },
        "2024-03-31": {
            "date": "2024-03-31",
            "filing_date": "2024-05-01",
            "currency_symbol": "USD",
            "researchDevelopment": null,
            "effectOfAccountingCharges": null,
            "incomeBeforeTax": "17293000000.00",
            "minorityInterest": null,
            "netIncome": "13419000000.00",
            "sellingGeneralAdministrative": "13366000000.00",
            "sellingAndMarketingExpenses": "1160000000.00",
            "grossProfit": "40050000000.00",
            "reconciledDepreciation": "2004000000.00",
            "ebit": "17293000000.00",
            "ebitda": "19297000000.00",
            "depreciationAndAmortization": "2004000000.00",
            "nonOperatingIncomeNetOther": null,
            "operatingIncome": "17293000000.00",
            "otherOperatingExpenses": "48971000000.00",
            "interestExpense": "24356000000.00",
            "taxProvision": "3874000000.00",
            "interestIncome": "47438000000.00",
            "netInterestIncome": "23082000000.00",
            "extraordinaryItems": null,
            "nonRecurring": null,
            "otherItems": null,
            "incomeTaxExpense": "3874000000.00",
            "totalRevenue": "66264000000.00",
            "totalOperatingExpenses": "22757000000.00",
            "costOfRevenue": "26214000000.00",
            "totalOtherIncomeExpenseNet": "-2315000000.00",
            "discontinuedOperations": null,
            "netIncomeFromContinuingOps": "13419000000.00",
            "netIncomeApplicableToCommonShares": null,
            "preferredStockAndOtherAdjustments": null
        },
        "2023-12-31": {
            "date": "2023-12-31",
            "filing_date": "2024-02-16",
            "currency_symbol": "USD",
            "researchDevelopment": null,
            "effectOfAccountingCharges": null,
            "incomeBeforeTax": "11326000000.00",
            "minorityInterest": null,
            "netIncome": "9307000000.00",
            "sellingGeneralAdministrative": "11847000000.00",
            "sellingAndMarketingExpenses": "1298000000.00",
            "grossProfit": "35849000000.00",
            "reconciledDepreciation": "3337000000.00",
            "ebit": "11326000000.00",
            "ebitda": "14663000000.00",
            "depreciationAndAmortization": "3337000000.00",
            "nonOperatingIncomeNetOther": null,
            "operatingIncome": "11326000000.00",
            "otherOperatingExpenses": "50607000000.00",
            "interestExpense": "23333000000.00",
            "taxProvision": "2019000000.00",
            "interestIncome": "47384000000.00",
            "netInterestIncome": "24051000000.00",
            "extraordinaryItems": null,
            "nonRecurring": null,
            "otherItems": null,
            "incomeTaxExpense": "2019000000.00",
            "totalRevenue": "61933000000.00",
            "totalOperatingExpenses": "24523000000.00",
            "costOfRevenue": "26084000000.00",
            "totalOtherIncomeExpenseNet": "-4804000000.00",
            "discontinuedOperations": null,
            "netIncomeFromContinuingOps": "9307000000.00",
            "netIncomeApplicableToCommonShares": null,
            "preferredStockAndOtherAdjustments": null
        },
        "2023-09-30": {
            "date": "2023-09-30",
            "filing_date": "2023-11-01",
            "currency_symbol": "USD",
            "researchDevelopment": null,
            "effectOfAccountingCharges": null,
            "incomeBeforeTax": "16733000000.00",
            "minorityInterest": null,
            "netIncome": "13151000000.00",
            "sellingGeneralAdministrative": "11726000000.00",
            "sellingAndMarketingExpenses": "1126000000.00",
            "grossProfit": "38390000000.00",
            "reconciledDepreciation": "2019000000.00",
            "ebit": "16733000000.00",
            "ebitda": "18752000000.00",
            "depreciationAndAmortization": "2019000000.00",
            "nonOperatingIncomeNetOther": null,
            "operatingIncome": "16733000000.00",
            "otherOperatingExpenses": "44858000000.00",
            "interestExpense": "21830000000.00",
            "taxProvision": "3582000000.00",
            "interestIncome": "44556000000.00",
            "netInterestIncome": "22726000000.00",
            "extraordinaryItems": null,
            "nonRecurring": null,
            "otherItems": null,
            "incomeTaxExpense": "3582000000.00",
            "totalRevenue": "61591000000.00",
            "totalOperatingExpenses": "21657000000.00",
            "costOfRevenue": "23201000000.00",
            "totalOtherIncomeExpenseNet": "-2602000000.00",
            "discontinuedOperations": null,
            "netIncomeFromContinuingOps": "13151000000.00",
            "netIncomeApplicableToCommonShares": "12685000000.00",
            "preferredStockAndOtherAdjustments": null
        },
        "2023-06-30": {
            "date": "2023-06-30",
            "filing_date": "2023-08-03",
            "currency_symbol": "USD",
            "researchDevelopment": null,
            "effectOfAccountingCharges": null,
            "incomeBeforeTax": "17586000000.00",
            "minorityInterest": null,
            "netIncome": "14472000000.00",
            "sellingGeneralAdministrative": "11216000000.00",
            "sellingAndMarketingExpenses": "1122000000.00",
            "grossProfit": "35696000000.00",
            "reconciledDepreciation": "507000000.00",
            "ebit": "17586000000.00",
            "ebitda": "18093000000.00",
            "depreciationAndAmortization": "507000000.00",
            "nonOperatingIncomeNetOther": null,
            "operatingIncome": "17586000000.00",
            "otherOperatingExpenses": "40861000000.00",
            "interestExpense": "19865000000.00",
            "taxProvision": "3114000000.00",
            "interestIncome": "41644000000.00",
            "netInterestIncome": "21779000000.00",
            "extraordinaryItems": null,
            "nonRecurring": null,
            "otherItems": null,
            "incomeTaxExpense": "3114000000.00",
            "totalRevenue": "58447000000.00",
            "totalOperatingExpenses": "18110000000.00",
            "costOfRevenue": "22751000000.00",
            "totalOtherIncomeExpenseNet": "126000000.00",
            "discontinuedOperations": null,
            "netIncomeFromContinuingOps": "14472000000.00",
            "netIncomeApplicableToCommonShares": "14011000000.00",
            "preferredStockAndOtherAdjustments": null
        },
        "2023-03-31": {
            "date": "2023-03-31",
            "filing_date": "2023-05-03",
            "currency_symbol": "USD",
            "researchDevelopment": null,
            "effectOfAccountingCharges": null,
            "incomeBeforeTax": "15967000000.00",
            "minorityInterest": null,
            "netIncome": "12622000000.00",
            "sellingGeneralAdministrative": "11993000000.00",
            "sellingAndMarketingExpenses": "1045000000.00",
            "grossProfit": "36074000000.00",
            "reconciledDepreciation": "1649000000.00",
            "ebit": "15967000000.00",
            "ebitda": "17616000000.00",
            "depreciationAndAmortization": "1649000000.00",
            "nonOperatingIncomeNetOther": null,
            "operatingIncome": "15967000000.00",
            "otherOperatingExpenses": "38674000000.00",
            "interestExpense": "16293000000.00",
            "taxProvision": "3345000000.00",
            "interestIncome": "37004000000.00",
            "netInterestIncome": "20711000000.00",
            "extraordinaryItems": null,
            "nonRecurring": null,
            "otherItems": null,
            "incomeTaxExpense": "3345000000.00",
            "totalRevenue": "54641000000.00",
            "totalOperatingExpenses": "20107000000.00",
            "costOfRevenue": "18567000000.00",
            "totalOtherIncomeExpenseNet": "-1639000000.00",
            "discontinuedOperations": null,
            "netIncomeFromContinuingOps": "12622000000.00",
            "netIncomeApplicableToCommonShares": "12193000000.00",
            "preferredStockAndOtherAdjustments": null
        },
        "2022-12-31": {
            "date": "2022-12-31",
            "filing_date": "2023-02-21",
            "currency_symbol": "USD",
            "researchDevelopment": null,
            "effectOfAccountingCharges": null,
            "incomeBeforeTax": "13237000000.00",
            "minorityInterest": null,
            "netIncome": "11008000000.00",
            "sellingGeneralAdministrative": "4908000000.00",
            "sellingAndMarketingExpenses": "1093000000.00",
            "grossProfit": "32259000000.00",
            "reconciledDepreciation": "1671000000.00",
            "ebit": "11155000000.00",
            "ebitda": "12826000000.00",
            "depreciationAndAmortization": "1671000000.00",
            "nonOperatingIncomeNetOther": null,
            "operatingIncome": "11155000000.00",
            "otherOperatingExpenses": "19022000000.00",
            "interestExpense": "12862000000.00",
            "taxProvision": "2229000000.00",
            "interestIncome": "33054000000.00",
            "netInterestIncome": "20192000000.00",
            "extraordinaryItems": null,
            "nonRecurring": null,
            "otherItems": null,
            "incomeTaxExpense": "2229000000.00",
            "totalRevenue": "34547000000.00",
            "totalOperatingExpenses": "-19022000000.00",
            "costOfRevenue": "15115000000.00",
            "totalOtherIncomeExpenseNet": "2082000000.00",
            "discontinuedOperations": null,
            "netIncomeFromContinuingOps": "11008000000.00",
            "netIncomeApplicableToCommonShares": "10597000000.00",
            "preferredStockAndOtherAdjustments": null
        },
        "2022-09-30": {
            "date": "2022-09-30",
            "filing_date": "2022-11-03",
            "currency_symbol": "USD",
            "researchDevelopment": null,
            "effectOfAccountingCharges": null,
            "incomeBeforeTax": "12001000000.00",
            "minorityInterest": null,
            "netIncome": "9737000000.00",
            "sellingGeneralAdministrative": "10539000000.00",
            "sellingAndMarketingExpenses": "1017000000.00",
            "grossProfit": "31179000000.00",
            "reconciledDepreciation": "1771000000.00",
            "ebit": "12001000000.00",
            "ebitda": "13772000000.00",
            "depreciationAndAmortization": "1771000000.00",
            "nonOperatingIncomeNetOther": null,
            "operatingIncome": "12001000000.00",
            "otherOperatingExpenses": "28794000000.00",
            "interestExpense": "8093000000.00",
            "taxProvision": "2264000000.00",
            "interestIncome": "25611000000.00",
            "netInterestIncome": "17518000000.00",
            "extraordinaryItems": null,
            "nonRecurring": null,
            "otherItems": null,
            "incomeTaxExpense": "2264000000.00",
            "totalRevenue": "40795000000.00",
            "totalOperatingExpenses": "19178000000.00",
            "costOfRevenue": "9616000000.00",
            "totalOtherIncomeExpenseNet": "-1613000000.00",
            "discontinuedOperations": null,
            "netIncomeFromContinuingOps": "9737000000.00",
            "netIncomeApplicableToCommonShares": "9255000000.00",
            "preferredStockAndOtherAdjustments": null
        },
        "2022-06-30": {
            "date": "2022-06-30",
            "filing_date": "2022-08-03",
            "currency_symbol": "USD",
            "researchDevelopment": null,
            "effectOfAccountingCharges": null,
            "incomeBeforeTax": "10865000000.00",
            "minorityInterest": null,
            "netIncome": "8649000000.00",
            "sellingGeneralAdministrative": "10301000000.00",
            "sellingAndMarketingExpenses": "881000000.00",
            "grossProfit": "29614000000.00",
            "reconciledDepreciation": "1789000000.00",
            "ebit": "10865000000.00",
            "ebitda": "12654000000.00",
            "depreciationAndAmortization": "1789000000.00",
            "nonOperatingIncomeNetOther": null,
            "operatingIncome": "10865000000.00",
            "otherOperatingExpenses": "23362000000.00",
            "interestExpense": "3518000000.00",
            "taxProvision": "2216000000.00",
            "interestIncome": "18646000000.00",
            "netInterestIncome": "15128000000.00",
            "extraordinaryItems": null,
            "nonRecurring": null,
            "otherItems": null,
            "incomeTaxExpense": "2216000000.00",
            "totalRevenue": "34227000000.00",
            "totalOperatingExpenses": "18749000000.00",
            "costOfRevenue": "4613000000.00",
            "totalOtherIncomeExpenseNet": "-1593000000.00",
            "discontinuedOperations": null,
            "netIncomeFromContinuingOps": "8649000000.00",
            "netIncomeApplicableToCommonShares": "8195000000.00",
            "preferredStockAndOtherAdjustments": null
        },
        "2022-03-31": {
            "date": "2022-03-31",
            "filing_date": "2022-05-03",
            "currency_symbol": "USD",
            "researchDevelopment": null,
            "effectOfAccountingCharges": null,
            "incomeBeforeTax": "10063000000.00",
            "minorityInterest": null,
            "netIncome": "8282000000.00",
            "sellingGeneralAdministrative": "10787000000.00",
            "sellingAndMarketingExpenses": "920000000.00",
            "grossProfit": "29254000000.00",
            "reconciledDepreciation": "1820000000.00",
            "ebit": "10063000000.00",
            "ebitda": "11883000000.00",
            "depreciationAndAmortization": "1820000000.00",
            "nonOperatingIncomeNetOther": null,
            "operatingIncome": "10063000000.00",
            "otherOperatingExpenses": "22279000000.00",
            "interestExpense": "1624000000.00",
            "taxProvision": "1781000000.00",
            "interestIncome": "15496000000.00",
            "netInterestIncome": "13872000000.00",
            "extraordinaryItems": null,
            "nonRecurring": null,
            "otherItems": null,
            "incomeTaxExpense": "1781000000.00",
            "totalRevenue": "32342000000.00",
            "totalOperatingExpenses": "19191000000.00",
            "costOfRevenue": "3088000000.00",
            "totalOtherIncomeExpenseNet": "-1418000000.00",
            "discontinuedOperations": null,
            "netIncomeFromContinuingOps": "8282000000.00",
            "netIncomeApplicableToCommonShares": "7845000000.00",
            "preferredStockAndOtherAdjustments": null
        },
        "2021-12-31": {
            "date": "2021-12-31",
            "filing_date": "2022-02-22",
            "currency_symbol": "USD",
            "researchDevelopment": null,
            "effectOfAccountingCharges": null,
            "incomeBeforeTax": "12657000000.00",
            "minorityInterest": null,
            "netIncome": "10399000000.00",
            "sellingGeneralAdministrative": "9065000000.00",
            "sellingAndMarketingExpenses": "947000000.00",
            "grossProfit": "30545000000.00",
            "reconciledDepreciation": "1931000000.00",
            "ebit": "12657000000.00",
            "ebitda": "14588000000.00",
            "depreciationAndAmortization": "1931000000.00",
            "nonOperatingIncomeNetOther": null,
            "operatingIncome": "12657000000.00",
            "otherOperatingExpenses": "18049000000.00",
            "interestExpense": "1418000000.00",
            "taxProvision": "2258000000.00",
            "interestIncome": "15019000000.00",
            "netInterestIncome": "13601000000.00",
            "extraordinaryItems": null,
            "nonRecurring": null,
            "otherItems": null,
            "incomeTaxExpense": "2258000000.00",
            "totalRevenue": "30706000000.00",
            "totalOperatingExpenses": "17888000000.00",
            "costOfRevenue": "161000000.00",
            "totalOtherIncomeExpenseNet": "-1503000000.00",
            "discontinuedOperations": null,
            "netIncomeFromContinuingOps": "10399000000.00",
            "netIncomeApplicableToCommonShares": "9927000000.00",
            "preferredStockAndOtherAdjustments": null
        },
        "2021-09-30": {
            "date": "2021-09-30",
            "filing_date": "2021-11-02",
            "currency_symbol": "USD",
            "researchDevelopment": null,
            "effectOfAccountingCharges": null,
            "incomeBeforeTax": "14111000000.00",
            "minorityInterest": null,
            "netIncome": "11687000000.00",
            "sellingGeneralAdministrative": "9087000000.00",
            "sellingAndMarketingExpenses": "712000000.00",
            "grossProfit": "31174000000.00",
            "reconciledDepreciation": "1928000000.00",
            "ebit": "14111000000.00",
            "ebitda": "16039000000.00",
            "depreciationAndAmortization": "1928000000.00",
            "nonOperatingIncomeNetOther": null,
            "operatingIncome": "14111000000.00",
            "otherOperatingExpenses": "16950000000.00",
            "interestExpense": "1400000000.00",
            "taxProvision": "2424000000.00",
            "interestIncome": "14480000000.00",
            "netInterestIncome": "13080000000.00",
            "extraordinaryItems": null,
            "nonRecurring": null,
            "otherItems": null,
            "incomeTaxExpense": "2424000000.00",
            "totalRevenue": "31061000000.00",
            "totalOperatingExpenses": "17063000000.00",
            "costOfRevenue": "-113000000.00",
            "totalOtherIncomeExpenseNet": "-1159000000.00",
            "discontinuedOperations": null,
            "netIncomeFromContinuingOps": "11687000000.00",
            "netIncomeApplicableToCommonShares": "11229000000.00",
            "preferredStockAndOtherAdjustments": null
        },
        "2021-06-30": {
            "date": "2021-06-30",
            "filing_date": "2021-08-02",
            "currency_symbol": "USD",
            "researchDevelopment": null,
            "effectOfAccountingCharges": null,
            "incomeBeforeTax": "15097000000.00",
            "minorityInterest": null,
            "netIncome": "11948000000.00",
            "sellingGeneralAdministrative": "9814000000.00",
            "sellingAndMarketingExpenses": "626000000.00",
            "grossProfit": "32764000000.00",
            "reconciledDepreciation": "2003000000.00",
            "ebit": "15097000000.00",
            "ebitda": "17100000000.00",
            "depreciationAndAmortization": "2003000000.00",
            "nonOperatingIncomeNetOther": null,
            "operatingIncome": "15097000000.00",
            "otherOperatingExpenses": "16742000000.00",
            "interestExpense": "1353000000.00",
            "taxProvision": "3149000000.00",
            "interestIncome": "14094000000.00",
            "netInterestIncome": "12741000000.00",
            "extraordinaryItems": null,
            "nonRecurring": null,
            "otherItems": null,
            "incomeTaxExpense": "3149000000.00",
            "totalRevenue": "31839000000.00",
            "totalOperatingExpenses": "17667000000.00",
            "costOfRevenue": "-925000000.00",
            "totalOtherIncomeExpenseNet": "-1264000000.00",
            "discontinuedOperations": null,
            "netIncomeFromContinuingOps": "11948000000.00",
            "netIncomeApplicableToCommonShares": "11496000000.00",
            "preferredStockAndOtherAdjustments": null
        },
        "2021-03-31": {
            "date": "2021-03-31",
            "filing_date": "2021-05-04",
            "currency_symbol": "USD",
            "researchDevelopment": null,
            "effectOfAccountingCharges": null,
            "incomeBeforeTax": "17697000000.00",
            "minorityInterest": null,
            "netIncome": "14300000000.00",
            "sellingGeneralAdministrative": "10601000000.00",
            "sellingAndMarketingExpenses": "751000000.00",
            "grossProfit": "36422000000.00",
            "reconciledDepreciation": "2070000000.00",
            "ebit": "17697000000.00",
            "ebitda": "19767000000.00",
            "depreciationAndAmortization": "2070000000.00",
            "nonOperatingIncomeNetOther": null,
            "operatingIncome": "17697000000.00",
            "otherOperatingExpenses": "15935000000.00",
            "interestExpense": "1382000000.00",
            "taxProvision": "3397000000.00",
            "interestIncome": "14271000000.00",
            "netInterestIncome": "12889000000.00",
            "extraordinaryItems": null,
            "nonRecurring": null,
            "otherItems": null,
            "incomeTaxExpense": "3397000000.00",
            "totalRevenue": "33632000000.00",
            "totalOperatingExpenses": "18725000000.00",
            "costOfRevenue": "-2790000000.00",
            "totalOtherIncomeExpenseNet": "-1536000000.00",
            "discontinuedOperations": null,
            "netIncomeFromContinuingOps": "14300000000.00",
            "netIncomeApplicableToCommonShares": "13851000000.00",
            "preferredStockAndOtherAdjustments": null
        },
        "2020-12-31": {
            "date": "2020-12-31",
            "filing_date": "2021-02-23",
            "currency_symbol": "USD",
            "researchDevelopment": null,
            "effectOfAccountingCharges": null,
            "incomeBeforeTax": "15065000000.00",
            "minorityInterest": null,
            "netIncome": "12136000000.00",
            "sellingGeneralAdministrative": "7954000000.00",
            "sellingAndMarketingExpenses": "725000000.00",
            "grossProfit": "31113000000.00",
            "reconciledDepreciation": "2127000000.00",
            "ebit": "15065000000.00",
            "ebitda": "17192000000.00",
            "depreciationAndAmortization": "2127000000.00",
            "nonOperatingIncomeNetOther": null,
            "operatingIncome": "15065000000.00",
            "otherOperatingExpenses": "15493000000.00",
            "interestExpense": "1292000000.00",
            "taxProvision": "2929000000.00",
            "interestIncome": "14550000000.00",
            "netInterestIncome": "13258000000.00",
            "extraordinaryItems": null,
            "nonRecurring": null,
            "otherItems": null,
            "incomeTaxExpense": "2929000000.00",
            "totalRevenue": "30558000000.00",
            "totalOperatingExpenses": "16048000000.00",
            "costOfRevenue": "-555000000.00",
            "totalOtherIncomeExpenseNet": "-1343000000.00",
            "discontinuedOperations": null,
            "netIncomeFromContinuingOps": "12136000000.00",
            "netIncomeApplicableToCommonShares": "11699000000.00",
            "preferredStockAndOtherAdjustments": null
        },
        "2020-09-30": {
            "date": "2020-09-30",
            "filing_date": "2020-11-02",
            "currency_symbol": "USD",
            "researchDevelopment": null,
            "effectOfAccountingCharges": null,
            "incomeBeforeTax": "11769000000.00",
            "minorityInterest": null,
            "netIncome": "9443000000.00",
            "sellingGeneralAdministrative": "8630000000.00",
            "sellingAndMarketingExpenses": "470000000.00",
            "grossProfit": "28644000000.00",
            "reconciledDepreciation": "2141000000.00",
            "ebit": "11769000000.00",
            "ebitda": "13910000000.00",
            "depreciationAndAmortization": "2141000000.00",
            "nonOperatingIncomeNetOther": null,
            "operatingIncome": "11769000000.00",
            "otherOperatingExpenses": "19076000000.00",
            "interestExpense": "1687000000.00",
            "taxProvision": "2218000000.00",
            "interestIncome": "14700000000.00",
            "netInterestIncome": "13013000000.00",
            "extraordinaryItems": null,
            "nonRecurring": null,
            "otherItems": null,
            "incomeTaxExpense": "2326000000.00",
            "totalRevenue": "30845000000.00",
            "totalOperatingExpenses": "16875000000.00",
            "costOfRevenue": "2201000000.00",
            "totalOtherIncomeExpenseNet": "-1891000000.00",
            "discontinuedOperations": null,
            "netIncomeFromContinuingOps": "9443000000.00",
            "netIncomeApplicableToCommonShares": "9015000000.00",
            "preferredStockAndOtherAdjustments": null
        },
        "2020-06-30": {
            "date": "2020-06-30",
            "filing_date": "2020-08-03",
            "currency_symbol": "USD",
            "researchDevelopment": null,
            "effectOfAccountingCharges": null,
            "incomeBeforeTax": "5660000000.00",
            "minorityInterest": null,
            "netIncome": "4687000000.00",
            "sellingGeneralAdministrative": "9509000000.00",
            "sellingAndMarketingExpenses": "481000000.00",
            "grossProfit": "22602000000.00",
            "reconciledDepreciation": "2149000000.00",
            "ebit": "5660000000.00",
            "ebitda": "7809000000.00",
            "depreciationAndAmortization": "2149000000.00",
            "nonOperatingIncomeNetOther": null,
            "operatingIncome": "5660000000.00",
            "otherOperatingExpenses": "29670000000.00",
            "interestExpense": "2259000000.00",
            "taxProvision": "878000000.00",
            "interestIncome": "16112000000.00",
            "netInterestIncome": "13853000000.00",
            "extraordinaryItems": null,
            "nonRecurring": null,
            "otherItems": null,
            "incomeTaxExpense": "973000000.00",
            "totalRevenue": "35330000000.00",
            "totalOperatingExpenses": "16942000000.00",
            "costOfRevenue": "12728000000.00",
            "totalOtherIncomeExpenseNet": "-1283000000.00",
            "discontinuedOperations": null,
            "netIncomeFromContinuingOps": "4687000000.00",
            "netIncomeApplicableToCommonShares": "4265000000.00",
            "preferredStockAndOtherAdjustments": null
        },
        "2020-03-31": {
            "date": "2020-03-31",
            "filing_date": "2020-05-07",
            "currency_symbol": "USD",
            "researchDevelopment": null,
            "effectOfAccountingCharges": null,
            "incomeBeforeTax": "3210000000.00",
            "minorityInterest": null,
            "netIncome": "2865000000.00",
            "sellingGeneralAdministrative": "8895000000.00",
            "sellingAndMarketingExpenses": "800000000.00",
            "grossProfit": "20001000000.00",
            "reconciledDepreciation": "2197000000.00",
            "ebit": "3210000000.00",
            "ebitda": "5407000000.00",
            "depreciationAndAmortization": "2197000000.00",
            "nonOperatingIncomeNetOther": null,
            "operatingIncome": "3210000000.00",
            "otherOperatingExpenses": "29789000000.00",
            "interestExpense": "4722000000.00",
            "taxProvision": "251000000.00",
            "interestIncome": "19161000000.00",
            "netInterestIncome": "14439000000.00",
            "extraordinaryItems": null,
            "nonRecurring": null,
            "otherItems": null,
            "incomeTaxExpense": "345000000.00",
            "totalRevenue": "32999000000.00",
            "totalOperatingExpenses": "16791000000.00",
            "costOfRevenue": "12998000000.00",
            "totalOtherIncomeExpenseNet": "-1424000000.00",
            "discontinuedOperations": null,
            "netIncomeFromContinuingOps": "2865000000.00",
            "netIncomeApplicableToCommonShares": "2431000000.00",
            "preferredStockAndOtherAdjustments": null
        },
        "2019-12-31": {
            "date": "2019-12-31",
            "filing_date": "2020-02-25",
            "currency_symbol": "USD",
            "researchDevelopment": null,
            "effectOfAccountingCharges": null,
            "incomeBeforeTax": "10565000000.00",
            "minorityInterest": null,
            "netIncome": "8520000000.00",
            "sellingGeneralAdministrative": "8088000000.00",
            "sellingAndMarketingExpenses": "893000000.00",
            "grossProfit": "26904000000.00",
            "reconciledDepreciation": "2139000000.00",
            "ebit": "10565000000.00",
            "ebitda": "12704000000.00",
            "depreciationAndAmortization": "2139000000.00",
            "nonOperatingIncomeNetOther": null,
            "operatingIncome": "10565000000.00",
            "otherOperatingExpenses": "23527000000.00",
            "interestExpense": "5761000000.00",
            "taxProvision": "2045000000.00",
            "interestIncome": "19927000000.00",
            "netInterestIncome": "14166000000.00",
            "extraordinaryItems": null,
            "nonRecurring": null,
            "otherItems": null,
            "incomeTaxExpense": "2045000000.00",
            "totalRevenue": "34092000000.00",
            "totalOperatingExpenses": "16339000000.00",
            "costOfRevenue": "7188000000.00",
            "totalOtherIncomeExpenseNet": "-1462000000.00",
            "discontinuedOperations": null,
            "netIncomeFromContinuingOps": "8520000000.00",
            "netIncomeApplicableToCommonShares": "8091000000.00",
            "preferredStockAndOtherAdjustments": null
        },
        "2019-09-30": {
            "date": "2019-09-30",
            "filing_date": "2019-11-04",
            "currency_symbol": "USD",
            "researchDevelopment": null,
            "effectOfAccountingCharges": null,
            "incomeBeforeTax": "11405000000.00",
            "minorityInterest": null,
            "netIncome": "9080000000.00",
            "sellingGeneralAdministrative": "8583000000.00",
            "sellingAndMarketingExpenses": "895000000.00",
            "grossProfit": "27777000000.00",
            "reconciledDepreciation": "2145000000.00",
            "ebit": "11405000000.00",
            "ebitda": "13550000000.00",
            "depreciationAndAmortization": "2145000000.00",
            "nonOperatingIncomeNetOther": null,
            "operatingIncome": "11405000000.00",
            "otherOperatingExpenses": "24779000000.00",
            "interestExpense": "6893000000.00",
            "taxProvision": "2325000000.00",
            "interestIncome": "21121000000.00",
            "netInterestIncome": "14228000000.00",
            "extraordinaryItems": null,
            "nonRecurring": null,
            "otherItems": null,
            "incomeTaxExpense": "2325000000.00",
            "totalRevenue": "36184000000.00",
            "totalOperatingExpenses": "16372000000.00",
            "costOfRevenue": "8407000000.00",
            "totalOtherIncomeExpenseNet": "-1234000000.00",
            "discontinuedOperations": null,
            "netIncomeFromContinuingOps": "9080000000.00",
            "netIncomeApplicableToCommonShares": "8606000000.00",
            "preferredStockAndOtherAdjustments": null
        },
        "2019-06-30": {
            "date": "2019-06-30",
            "filing_date": "2019-08-06",
            "currency_symbol": "USD",
            "researchDevelopment": null,
            "effectOfAccountingCharges": null,
            "incomeBeforeTax": "11342000000.00",
            "minorityInterest": null,
            "netIncome": "9652000000.00",
            "sellingGeneralAdministrative": "8547000000.00",
            "sellingAndMarketingExpenses": "777000000.00",
            "grossProfit": "27598000000.00",
            "reconciledDepreciation": "2046000000.00",
            "ebit": "11342000000.00",
            "ebitda": "13388000000.00",
            "depreciationAndAmortization": "2046000000.00",
            "nonOperatingIncomeNetOther": null,
            "operatingIncome": "11342000000.00",
            "otherOperatingExpenses": "24610000000.00",
            "interestExpense": "7205000000.00",
            "taxProvision": "1690000000.00",
            "interestIncome": "21603000000.00",
            "netInterestIncome": "14398000000.00",
            "extraordinaryItems": null,
            "nonRecurring": null,
            "otherItems": null,
            "incomeTaxExpense": "1690000000.00",
            "totalRevenue": "35952000000.00",
            "totalOperatingExpenses": "16256000000.00",
            "costOfRevenue": "8354000000.00",
            "totalOtherIncomeExpenseNet": "-1282000000.00",
            "discontinuedOperations": null,
            "netIncomeFromContinuingOps": "9652000000.00",
            "netIncomeApplicableToCommonShares": "9192000000.00",
            "preferredStockAndOtherAdjustments": null
        },
        "2019-03-31": {
            "date": "2019-03-31",
            "filing_date": "2019-05-02",
            "currency_symbol": "USD",
            "researchDevelopment": null,
            "effectOfAccountingCharges": null,
            "incomeBeforeTax": "11233000000.00",
            "minorityInterest": null,
            "netIncome": "9179000000.00",
            "sellingGeneralAdministrative": "8937000000.00",
            "sellingAndMarketingExpenses": "879000000.00",
            "grossProfit": "27628000000.00",
            "reconciledDepreciation": "2038000000.00",
            "ebit": "11233000000.00",
            "ebitda": "13271000000.00",
            "depreciationAndAmortization": "2038000000.00",
            "nonOperatingIncomeNetOther": null,
            "operatingIncome": "11233000000.00",
            "otherOperatingExpenses": "24826000000.00",
            "interestExpense": "6936000000.00",
            "taxProvision": "2054000000.00",
            "interestIncome": "21894000000.00",
            "netInterestIncome": "14453000000.00",
            "extraordinaryItems": null,
            "nonRecurring": null,
            "otherItems": null,
            "incomeTaxExpense": "2054000000.00",
            "totalRevenue": "36059000000.00",
            "totalOperatingExpenses": "16395000000.00",
            "costOfRevenue": "8431000000.00",
            "totalOtherIncomeExpenseNet": "-1108000000.00",
            "discontinuedOperations": null,
            "netIncomeFromContinuingOps": "9179000000.00",
            "netIncomeApplicableToCommonShares": "8753000000.00",
            "preferredStockAndOtherAdjustments": null
        },
        "2018-12-31": {
            "date": "2018-12-31",
            "filing_date": "2019-02-26",
            "currency_symbol": "USD",
            "researchDevelopment": "0.00",
            "effectOfAccountingCharges": "0.00",
            "incomeBeforeTax": "8841000000.00",
            "minorityInterest": "0.00",
            "netIncome": "7066000000.00",
            "sellingGeneralAdministrative": "7809000000.00",
            "sellingAndMarketingExpenses": "894000000.00",
            "grossProfit": "24561000000.00",
            "reconciledDepreciation": "2075000000.00",
            "ebit": "8841000000.00",
            "ebitda": "10916000000.00",
            "depreciationAndAmortization": "2075000000.00",
            "nonOperatingIncomeNetOther": null,
            "operatingIncome": "8841000000.00",
            "otherOperatingExpenses": "23952000000.00",
            "interestExpense": "6684000000.00",
            "taxProvision": null,
            "interestIncome": null,
            "netInterestIncome": null,
            "extraordinaryItems": "302000000.00",
            "nonRecurring": "0.00",
            "otherItems": "0.00",
            "incomeTaxExpense": "1775000000.00",
            "totalRevenue": "32793000000.00",
            "totalOperatingExpenses": "15720000000.00",
            "costOfRevenue": "8232000000.00",
            "totalOtherIncomeExpenseNet": "-1244000000.00",
            "discontinuedOperations": "0.00",
            "netIncomeFromContinuingOps": "7066000000.00",
            "netIncomeApplicableToCommonShares": "6643000000.00",
            "preferredStockAndOtherAdjustments": null
        },
        "2018-09-30": {
            "date": "2018-09-30",
            "filing_date": "2018-10-31",
            "currency_symbol": "USD",
            "researchDevelopment": "0.00",
            "effectOfAccountingCharges": "0.00",
            "incomeBeforeTax": "10689000000.00",
            "minorityInterest": "0.00",
            "netIncome": "8380000000.00",
            "sellingGeneralAdministrative": "8108000000.00",
            "sellingAndMarketingExpenses": "798000000.00",
            "grossProfit": "26312000000.00",
            "reconciledDepreciation": "1992000000.00",
            "ebit": "10689000000.00",
            "ebitda": "12681000000.00",
            "depreciationAndAmortization": "1992000000.00",
            "nonOperatingIncomeNetOther": null,
            "operatingIncome": "10689000000.00",
            "otherOperatingExpenses": "22102000000.00",
            "interestExpense": "5531000000.00",
            "taxProvision": null,
            "interestIncome": null,
            "netInterestIncome": null,
            "extraordinaryItems": "0.00",
            "nonRecurring": "0.00",
            "otherItems": "0.00",
            "incomeTaxExpense": "2309000000.00",
            "totalRevenue": "32791000000.00",
            "totalOperatingExpenses": "15623000000.00",
            "costOfRevenue": "6479000000.00",
            "totalOtherIncomeExpenseNet": "-21000000.00",
            "discontinuedOperations": "0.00",
            "netIncomeFromContinuingOps": "8380000000.00",
            "netIncomeApplicableToCommonShares": "7948000000.00",
            "preferredStockAndOtherAdjustments": null
        },
        "2018-06-30": {
            "date": "2018-06-30",
            "filing_date": "2018-08-01",
            "currency_symbol": "USD",
            "researchDevelopment": "0.00",
            "effectOfAccountingCharges": "0.00",
            "incomeBeforeTax": "10572000000.00",
            "minorityInterest": "-21584000000.00",
            "netIncome": "8316000000.00",
            "sellingGeneralAdministrative": "8338000000.00",
            "sellingAndMarketingExpenses": "798000000.00",
            "grossProfit": "26543000000.00",
            "reconciledDepreciation": "1927000000.00",
            "ebit": "10572000000.00",
            "ebitda": "12499000000.00",
            "depreciationAndAmortization": "1927000000.00",
            "nonOperatingIncomeNetOther": null,
            "operatingIncome": "10572000000.00",
            "otherOperatingExpenses": "22262000000.00",
            "interestExpense": "5081000000.00",
            "taxProvision": null,
            "interestIncome": null,
            "netInterestIncome": null,
            "extraordinaryItems": "0.00",
            "nonRecurring": "0.00",
            "otherItems": "0.00",
            "incomeTaxExpense": "2256000000.00",
            "totalRevenue": "32834000000.00",
            "totalOperatingExpenses": "15971000000.00",
            "costOfRevenue": "6291000000.00",
            "totalOtherIncomeExpenseNet": "-1000000.00",
            "discontinuedOperations": "0.00",
            "netIncomeFromContinuingOps": "8316000000.00",
            "netIncomeApplicableToCommonShares": "7880000000.00",
            "preferredStockAndOtherAdjustments": null
        },
        "2018-03-31": {
            "date": "2018-03-31",
            "filing_date": "2018-05-02",
            "currency_symbol": "USD",
            "researchDevelopment": "0.00",
            "effectOfAccountingCharges": "0.00",
            "incomeBeforeTax": "10662000000.00",
            "minorityInterest": "21584000000.00",
            "netIncome": "8712000000.00",
            "sellingGeneralAdministrative": "8862000000.00",
            "sellingAndMarketingExpenses": "800000000.00",
            "grossProfit": "26742000000.00",
            "reconciledDepreciation": "1797000000.00",
            "ebit": "10662000000.00",
            "ebitda": "12459000000.00",
            "depreciationAndAmortization": "1797000000.00",
            "nonOperatingIncomeNetOther": null,
            "operatingIncome": "10662000000.00",
            "otherOperatingExpenses": "21628000000.00",
            "interestExpense": "4383000000.00",
            "taxProvision": null,
            "interestIncome": null,
            "netInterestIncome": null,
            "extraordinaryItems": "0.00",
            "nonRecurring": "0.00",
            "otherItems": "0.00",
            "incomeTaxExpense": "1950000000.00",
            "totalRevenue": "32290000000.00",
            "totalOperatingExpenses": "16080000000.00",
            "costOfRevenue": "5548000000.00",
            "totalOtherIncomeExpenseNet": "-90000000.00",
            "discontinuedOperations": "0.00",
            "netIncomeFromContinuingOps": "8712000000.00",
            "netIncomeApplicableToCommonShares": "8238000000.00",
            "preferredStockAndOtherAdjustments": null
        },
        "2017-12-31": {
            "date": "2017-12-31",
            "filing_date": "2018-02-27",
            "currency_symbol": "USD",
            "researchDevelopment": "0.00",
            "effectOfAccountingCharges": "0.00",
            "incomeBeforeTax": "8254000000.00",
            "minorityInterest": "-214673000000.00",
            "netIncome": "4232000000.00",
            "sellingGeneralAdministrative": "7456000000.00",
            "sellingAndMarketingExpenses": "721000000.00",
            "grossProfit": "22845000000.00",
            "reconciledDepreciation": "1632000000.00",
            "ebit": "8254000000.00",
            "ebitda": "9886000000.00",
            "depreciationAndAmortization": "1632000000.00",
            "nonOperatingIncomeNetOther": null,
            "operatingIncome": "8254000000.00",
            "otherOperatingExpenses": "19865000000.00",
            "interestExpense": "3966000000.00",
            "taxProvision": null,
            "interestIncome": null,
            "netInterestIncome": null,
            "extraordinaryItems": "0.00",
            "nonRecurring": "0.00",
            "otherItems": "0.00",
            "incomeTaxExpense": "4022000000.00",
            "totalRevenue": "28119000000.00",
            "totalOperatingExpenses": "14591000000.00",
            "costOfRevenue": "5274000000.00",
            "totalOtherIncomeExpenseNet": "-1449000000.00",
            "discontinuedOperations": "0.00",
            "netIncomeFromContinuingOps": "4232000000.00",
            "netIncomeApplicableToCommonShares": "3775000000.00",
            "preferredStockAndOtherAdjustments": null
        },
        "2017-09-30": {
            "date": "2017-09-30",
            "filing_date": "2017-11-01",
            "currency_symbol": "USD",
            "researchDevelopment": "0.00",
            "effectOfAccountingCharges": "0.00",
            "incomeBeforeTax": "9556000000.00",
            "minorityInterest": "393266000000.00",
            "netIncome": "6732000000.00",
            "sellingGeneralAdministrative": "7697000000.00",
            "sellingAndMarketingExpenses": "710000000.00",
            "grossProfit": "24126000000.00",
            "reconciledDepreciation": "1579000000.00",
            "ebit": "9556000000.00",
            "ebitda": "11135000000.00",
            "depreciationAndAmortization": "1579000000.00",
            "nonOperatingIncomeNetOther": null,
            "operatingIncome": "9556000000.00",
            "otherOperatingExpenses": "19911000000.00",
            "interestExpense": "3889000000.00",
            "taxProvision": null,
            "interestIncome": null,
            "netInterestIncome": null,
            "extraordinaryItems": "0.00",
            "nonRecurring": "0.00",
            "otherItems": "0.00",
            "incomeTaxExpense": "2824000000.00",
            "totalRevenue": "29467000000.00",
            "totalOperatingExpenses": "14570000000.00",
            "costOfRevenue": "5341000000.00",
            "totalOtherIncomeExpenseNet": "-1306000000.00",
            "discontinuedOperations": "0.00",
            "netIncomeFromContinuingOps": "6732000000.00",
            "netIncomeApplicableToCommonShares": "6262000000.00",
            "preferredStockAndOtherAdjustments": null
        },
        "2017-06-30": {
            "date": "2017-06-30",
            "filing_date": "2017-08-02",
            "currency_symbol": "USD",
            "researchDevelopment": "0.00",
            "effectOfAccountingCharges": "0.00",
            "incomeBeforeTax": "9749000000.00",
            "minorityInterest": "-189194000000.00",
            "netIncome": "7029000000.00",
            "sellingGeneralAdministrative": "7757000000.00",
            "sellingAndMarketingExpenses": "756000000.00",
            "grossProfit": "23871000000.00",
            "reconciledDepreciation": "1504000000.00",
            "ebit": "9749000000.00",
            "ebitda": "11253000000.00",
            "depreciationAndAmortization": "1504000000.00",
            "nonOperatingIncomeNetOther": null,
            "operatingIncome": "9749000000.00",
            "otherOperatingExpenses": "18779000000.00",
            "interestExpense": "3442000000.00",
            "taxProvision": null,
            "interestIncome": null,
            "netInterestIncome": null,
            "extraordinaryItems": "0.00",
            "nonRecurring": "0.00",
            "otherItems": "0.00",
            "incomeTaxExpense": "2720000000.00",
            "totalRevenue": "28528000000.00",
            "totalOperatingExpenses": "14122000000.00",
            "costOfRevenue": "4657000000.00",
            "totalOtherIncomeExpenseNet": "-61000000.00",
            "discontinuedOperations": "0.00",
            "netIncomeFromContinuingOps": "7029000000.00",
            "netIncomeApplicableToCommonShares": "6555000000.00",
            "preferredStockAndOtherAdjustments": null
        },
        "2017-03-31": {
            "date": "2017-03-31",
            "filing_date": "2017-05-02",
            "currency_symbol": "USD",
            "researchDevelopment": "0.00",
            "effectOfAccountingCharges": "0.00",
            "incomeBeforeTax": "8341000000.00",
            "minorityInterest": "36682000000.00",
            "netIncome": "6448000000.00",
            "sellingGeneralAdministrative": "8256000000.00",
            "sellingAndMarketingExpenses": "713000000.00",
            "grossProfit": "23624000000.00",
            "reconciledDepreciation": "1464000000.00",
            "ebit": "8341000000.00",
            "ebitda": "9805000000.00",
            "depreciationAndAmortization": "1464000000.00",
            "nonOperatingIncomeNetOther": null,
            "operatingIncome": "8341000000.00",
            "otherOperatingExpenses": "19576000000.00",
            "interestExpense": "2978000000.00",
            "taxProvision": null,
            "interestIncome": null,
            "netInterestIncome": null,
            "extraordinaryItems": "0.00",
            "nonRecurring": "0.00",
            "otherItems": "0.00",
            "incomeTaxExpense": "1893000000.00",
            "totalRevenue": "27917000000.00",
            "totalOperatingExpenses": "15283000000.00",
            "costOfRevenue": "4293000000.00",
            "totalOtherIncomeExpenseNet": "-1727000000.00",
            "discontinuedOperations": "0.00",
            "netIncomeFromContinuingOps": "6448000000.00",
            "netIncomeApplicableToCommonShares": "5975000000.00",
            "preferredStockAndOtherAdjustments": null
        },
        "2016-12-31": {
            "date": "2016-12-31",
            "filing_date": "2017-02-28",
            "currency_symbol": "USD",
            "researchDevelopment": "0.00",
            "effectOfAccountingCharges": "0.00",
            "incomeBeforeTax": "8679000000.00",
            "minorityInterest": "-188781000000.00",
            "netIncome": "6727000000.00",
            "sellingGeneralAdministrative": "6872000000.00",
            "sellingAndMarketingExpenses": "697000000.00",
            "grossProfit": "22512000000.00",
            "reconciledDepreciation": "1446000000.00",
            "ebit": "8679000000.00",
            "ebitda": "10125000000.00",
            "depreciationAndAmortization": "1446000000.00",
            "nonOperatingIncomeNetOther": null,
            "operatingIncome": "8679000000.00",
            "otherOperatingExpenses": "17410000000.00",
            "interestExpense": "2713000000.00",
            "taxProvision": null,
            "interestIncome": null,
            "netInterestIncome": null,
            "extraordinaryItems": "0.00",
            "nonRecurring": "0.00",
            "otherItems": "0.00",
            "incomeTaxExpense": "1952000000.00",
            "totalRevenue": "26089000000.00",
            "totalOperatingExpenses": "13833000000.00",
            "costOfRevenue": "3577000000.00",
            "totalOtherIncomeExpenseNet": "-1743000000.00",
            "discontinuedOperations": "0.00",
            "netIncomeFromContinuingOps": "6727000000.00",
            "netIncomeApplicableToCommonShares": "6179000000.00",
            "preferredStockAndOtherAdjustments": null
        },
        "2016-09-30": {
            "date": "2016-09-30",
            "filing_date": "2016-11-01",
            "currency_symbol": "USD",
            "researchDevelopment": "0.00",
            "effectOfAccountingCharges": "0.00",
            "incomeBeforeTax": "8939000000.00",
            "minorityInterest": "380966000000.00",
            "netIncome": "6286000000.00",
            "sellingGeneralAdministrative": "7669000000.00",
            "sellingAndMarketingExpenses": "825000000.00",
            "grossProfit": "23402000000.00",
            "reconciledDepreciation": "1407000000.00",
            "ebit": "8939000000.00",
            "ebitda": "10346000000.00",
            "depreciationAndAmortization": "1407000000.00",
            "nonOperatingIncomeNetOther": null,
            "operatingIncome": "8939000000.00",
            "otherOperatingExpenses": "18201000000.00",
            "interestExpense": "2467000000.00",
            "taxProvision": null,
            "interestIncome": null,
            "netInterestIncome": null,
            "extraordinaryItems": "0.00",
            "nonRecurring": "0.00",
            "otherItems": "0.00",
            "incomeTaxExpense": "2653000000.00",
            "totalRevenue": "27140000000.00",
            "totalOperatingExpenses": "14463000000.00",
            "costOfRevenue": "3738000000.00",
            "totalOtherIncomeExpenseNet": "-1664000000.00",
            "discontinuedOperations": "0.00",
            "netIncomeFromContinuingOps": "6286000000.00",
            "netIncomeApplicableToCommonShares": "5747000000.00",
            "preferredStockAndOtherAdjustments": null
        },
        "2016-06-30": {
            "date": "2016-06-30",
            "filing_date": "2016-08-03",
            "currency_symbol": "USD",
            "researchDevelopment": "0.00",
            "effectOfAccountingCharges": "0.00",
            "incomeBeforeTax": "9340000000.00",
            "minorityInterest": "-191811000000.00",
            "netIncome": "6200000000.00",
            "sellingGeneralAdministrative": "7778000000.00",
            "sellingAndMarketingExpenses": "672000000.00",
            "grossProfit": "22978000000.00",
            "reconciledDepreciation": "1336000000.00",
            "ebit": "9340000000.00",
            "ebitda": "10676000000.00",
            "depreciationAndAmortization": "1336000000.00",
            "nonOperatingIncomeNetOther": null,
            "operatingIncome": "9340000000.00",
            "otherOperatingExpenses": "12714000000.00",
            "interestExpense": "2466000000.00",
            "taxProvision": null,
            "interestIncome": null,
            "netInterestIncome": null,
            "extraordinaryItems": "0.00",
            "nonRecurring": "0.00",
            "otherItems": "0.00",
            "incomeTaxExpense": "3140000000.00",
            "totalRevenue": "26846000000.00",
            "totalOperatingExpenses": "13638000000.00",
            "costOfRevenue": "3868000000.00",
            "totalOtherIncomeExpenseNet": "-924000000.00",
            "discontinuedOperations": "0.00",
            "netIncomeFromContinuingOps": "6200000000.00",
            "netIncomeApplicableToCommonShares": "5666000000.00",
            "preferredStockAndOtherAdjustments": null
        },
        "2016-03-31": {
            "date": "2016-03-31",
            "filing_date": "2016-04-29",
            "currency_symbol": "USD",
            "researchDevelopment": "0.00",
            "effectOfAccountingCharges": "0.00",
            "incomeBeforeTax": "7578000000.00",
            "minorityInterest": "38673000000.00",
            "netIncome": "5520000000.00",
            "sellingGeneralAdministrative": "7660000000.00",
            "sellingAndMarketingExpenses": "703000000.00",
            "grossProfit": "21415000000.00",
            "reconciledDepreciation": "1289000000.00",
            "ebit": "7578000000.00",
            "ebitda": "8867000000.00",
            "depreciationAndAmortization": "1289000000.00",
            "nonOperatingIncomeNetOther": null,
            "operatingIncome": "7578000000.00",
            "otherOperatingExpenses": "12412000000.00",
            "interestExpense": "2172000000.00",
            "taxProvision": null,
            "interestIncome": null,
            "netInterestIncome": null,
            "extraordinaryItems": "0.00",
            "nonRecurring": "0.00",
            "otherItems": "0.00",
            "incomeTaxExpense": "2058000000.00",
            "totalRevenue": "25411000000.00",
            "totalOperatingExpenses": "13837000000.00",
            "costOfRevenue": "3996000000.00",
            "totalOtherIncomeExpenseNet": "-1425000000.00",
            "discontinuedOperations": "0.00",
            "netIncomeFromContinuingOps": "5520000000.00",
            "netIncomeApplicableToCommonShares": "4991000000.00",
            "preferredStockAndOtherAdjustments": null
        },
        "2015-12-31": {
            "date": "2015-12-31",
            "filing_date": "2016-02-23",
            "currency_symbol": "USD",
            "researchDevelopment": "0.00",
            "effectOfAccountingCharges": "0.00",
            "incomeBeforeTax": "7371000000.00",
            "minorityInterest": "41879000000.00",
            "netIncome": "5434000000.00",
            "sellingGeneralAdministrative": "6693000000.00",
            "sellingAndMarketingExpenses": "771000000.00",
            "grossProfit": "21120000000.00",
            "reconciledDepreciation": "1273000000.00",
            "ebit": "7371000000.00",
            "ebitda": "8644000000.00",
            "depreciationAndAmortization": "1273000000.00",
            "nonOperatingIncomeNetOther": null,
            "operatingIncome": "7371000000.00",
            "otherOperatingExpenses": "16930000000.00",
            "interestExpense": "1930000000.00",
            "taxProvision": null,
            "interestIncome": null,
            "netInterestIncome": null,
            "extraordinaryItems": "0.00",
            "nonRecurring": "0.00",
            "otherItems": "0.00",
            "incomeTaxExpense": "1937000000.00",
            "totalRevenue": "24301000000.00",
            "totalOperatingExpenses": "13749000000.00",
            "costOfRevenue": "3181000000.00",
            "totalOtherIncomeExpenseNet": "-1858000000.00",
            "discontinuedOperations": "0.00",
            "netIncomeFromContinuingOps": "5434000000.00",
            "netIncomeApplicableToCommonShares": "4908000000.00",
            "preferredStockAndOtherAdjustments": null
        },
        "2015-09-30": {
            "date": "2015-09-30",
            "filing_date": "2015-11-02",
            "currency_symbol": "USD",
            "researchDevelopment": "0.00",
            "effectOfAccountingCharges": "0.00",
            "incomeBeforeTax": "6730000000.00",
            "minorityInterest": "0.00",
            "netIncome": "6804000000.00",
            "sellingGeneralAdministrative": "7320000000.00",
            "sellingAndMarketingExpenses": "704000000.00",
            "grossProfit": "22098000000.00",
            "reconciledDepreciation": "1248000000.00",
            "ebit": "6730000000.00",
            "ebitda": "7978000000.00",
            "depreciationAndAmortization": "1248000000.00",
            "nonOperatingIncomeNetOther": null,
            "operatingIncome": "6730000000.00",
            "otherOperatingExpenses": "12311000000.00",
            "interestExpense": "1815000000.00",
            "taxProvision": null,
            "interestIncome": null,
            "netInterestIncome": null,
            "extraordinaryItems": "0.00",
            "nonRecurring": "0.00",
            "otherItems": "0.00",
            "incomeTaxExpense": "-74000000.00",
            "totalRevenue": "24595000000.00",
            "totalOperatingExpenses": "15368000000.00",
            "costOfRevenue": "2497000000.00",
            "totalOtherIncomeExpenseNet": "-3057000000.00",
            "discontinuedOperations": "0.00",
            "netIncomeFromContinuingOps": "6804000000.00",
            "netIncomeApplicableToCommonShares": "6270000000.00",
            "preferredStockAndOtherAdjustments": null
        },
        "2015-06-30": {
            "date": "2015-06-30",
            "filing_date": "2015-08-03",
            "currency_symbol": "USD",
            "researchDevelopment": "0.00",
            "effectOfAccountingCharges": "0.00",
            "incomeBeforeTax": "8377000000.00",
            "minorityInterest": "0.00",
            "netIncome": "6290000000.00",
            "sellingGeneralAdministrative": "7694000000.00",
            "sellingAndMarketingExpenses": "642000000.00",
            "grossProfit": "22877000000.00",
            "reconciledDepreciation": "1238000000.00",
            "ebit": "8377000000.00",
            "ebitda": "9615000000.00",
            "depreciationAndAmortization": "1238000000.00",
            "nonOperatingIncomeNetOther": null,
            "operatingIncome": "8377000000.00",
            "otherOperatingExpenses": "12526000000.00",
            "interestExpense": "1830000000.00",
            "taxProvision": null,
            "interestIncome": null,
            "netInterestIncome": null,
            "extraordinaryItems": "0.00",
            "nonRecurring": "0.00",
            "otherItems": "0.00",
            "incomeTaxExpense": "2087000000.00",
            "totalRevenue": "25642000000.00",
            "totalOperatingExpenses": "14500000000.00",
            "costOfRevenue": "2765000000.00",
            "totalOtherIncomeExpenseNet": "-1974000000.00",
            "discontinuedOperations": "0.00",
            "netIncomeFromContinuingOps": "6290000000.00",
            "netIncomeApplicableToCommonShares": "5776000000.00",
            "preferredStockAndOtherAdjustments": null
        },
        "2015-03-31": {
            "date": "2015-03-31",
            "filing_date": "2015-05-05",
            "currency_symbol": "USD",
            "researchDevelopment": "0.00",
            "effectOfAccountingCharges": "0.00",
            "incomeBeforeTax": "8224000000.00",
            "minorityInterest": "0.00",
            "netIncome": "5914000000.00",
            "sellingGeneralAdministrative": "8043000000.00",
            "sellingAndMarketingExpenses": "591000000.00",
            "grossProfit": "23107000000.00",
            "reconciledDepreciation": "1181000000.00",
            "ebit": "8224000000.00",
            "ebitda": "9405000000.00",
            "depreciationAndAmortization": "1181000000.00",
            "nonOperatingIncomeNetOther": null,
            "operatingIncome": "8224000000.00",
            "otherOperatingExpenses": "12692000000.00",
            "interestExpense": "1888000000.00",
            "taxProvision": null,
            "interestIncome": null,
            "netInterestIncome": null,
            "extraordinaryItems": "0.00",
            "nonRecurring": "0.00",
            "otherItems": "0.00",
            "incomeTaxExpense": "2310000000.00",
            "totalRevenue": "25954000000.00",
            "totalOperatingExpenses": "14883000000.00",
            "costOfRevenue": "2847000000.00",
            "totalOtherIncomeExpenseNet": "-2191000000.00",
            "discontinuedOperations": "0.00",
            "netIncomeFromContinuingOps": "5914000000.00",
            "netIncomeApplicableToCommonShares": "5452000000.00",
            "preferredStockAndOtherAdjustments": null
        },
        "2014-12-31": {
            "date": "2014-12-31",
            "filing_date": "2015-02-24",
            "currency_symbol": "USD",
            "researchDevelopment": "0.00",
            "effectOfAccountingCharges": "0.00",
            "incomeBeforeTax": "6263000000.00",
            "minorityInterest": "52320000000.00",
            "netIncome": "4931000000.00",
            "sellingGeneralAdministrative": "6860000000.00",
            "sellingAndMarketingExpenses": "726000000.00",
            "grossProfit": "21672000000.00",
            "reconciledDepreciation": "1186000000.00",
            "ebit": "6263000000.00",
            "ebitda": "7449000000.00",
            "depreciationAndAmortization": "1186000000.00",
            "nonOperatingIncomeNetOther": null,
            "operatingIncome": "6263000000.00",
            "otherOperatingExpenses": "18138000000.00",
            "interestExpense": "1889000000.00",
            "taxProvision": null,
            "interestIncome": null,
            "netInterestIncome": null,
            "extraordinaryItems": "0.00",
            "nonRecurring": "0.00",
            "otherItems": "0.00",
            "incomeTaxExpense": "1332000000.00",
            "totalRevenue": "24401000000.00",
            "totalOperatingExpenses": "15409000000.00",
            "costOfRevenue": "2729000000.00",
            "totalOtherIncomeExpenseNet": "-3242000000.00",
            "discontinuedOperations": "0.00",
            "netIncomeFromContinuingOps": "4931000000.00",
            "netIncomeApplicableToCommonShares": "4050000000.00",
            "preferredStockAndOtherAdjustments": null
        },
        "2014-09-30": {
            "date": "2014-09-30",
            "filing_date": "2014-11-03",
            "currency_symbol": "USD",
            "researchDevelopment": "0.00",
            "effectOfAccountingCharges": "0.00",
            "incomeBeforeTax": "7914000000.00",
            "minorityInterest": "0.00",
            "netIncome": "5565000000.00",
            "sellingGeneralAdministrative": "7831000000.00",
            "sellingAndMarketingExpenses": "610000000.00",
            "grossProfit": "23712000000.00",
            "reconciledDepreciation": "1147000000.00",
            "ebit": "7914000000.00",
            "ebitda": "9061000000.00",
            "depreciationAndAmortization": "1147000000.00",
            "nonOperatingIncomeNetOther": null,
            "operatingIncome": "7914000000.00",
            "otherOperatingExpenses": "12791000000.00",
            "interestExpense": "1819000000.00",
            "taxProvision": null,
            "interestIncome": null,
            "netInterestIncome": null,
            "extraordinaryItems": "0.00",
            "nonRecurring": "0.00",
            "otherItems": "0.00",
            "incomeTaxExpense": "2349000000.00",
            "totalRevenue": "26288000000.00",
            "totalOperatingExpenses": "15798000000.00",
            "costOfRevenue": "2576000000.00",
            "totalOtherIncomeExpenseNet": "-3007000000.00",
            "discontinuedOperations": "0.00",
            "netIncomeFromContinuingOps": "5572000000.00",
            "netIncomeApplicableToCommonShares": "5572000000.00",
            "preferredStockAndOtherAdjustments": null
        },
        "2014-06-30": {
            "date": "2014-06-30",
            "filing_date": "2014-08-04",
            "currency_symbol": "USD",
            "researchDevelopment": "0.00",
            "effectOfAccountingCharges": "0.00",
            "incomeBeforeTax": "8555000000.00",
            "minorityInterest": "0.00",
            "netIncome": "5980000000.00",
            "sellingGeneralAdministrative": "7610000000.00",
            "sellingAndMarketingExpenses": "650000000.00",
            "grossProfit": "23986000000.00",
            "reconciledDepreciation": "1218000000.00",
            "ebit": "8555000000.00",
            "ebitda": "9773000000.00",
            "depreciationAndAmortization": "1218000000.00",
            "nonOperatingIncomeNetOther": null,
            "operatingIncome": "8555000000.00",
            "otherOperatingExpenses": "12598000000.00",
            "interestExpense": "2063000000.00",
            "taxProvision": null,
            "interestIncome": null,
            "netInterestIncome": null,
            "extraordinaryItems": "0.00",
            "nonRecurring": "0.00",
            "otherItems": "0.00",
            "incomeTaxExpense": "2575000000.00",
            "totalRevenue": "26741000000.00",
            "totalOperatingExpenses": "15431000000.00",
            "costOfRevenue": "2755000000.00",
            "totalOtherIncomeExpenseNet": "-2833000000.00",
            "discontinuedOperations": "0.00",
            "netIncomeFromContinuingOps": "5985000000.00",
            "netIncomeApplicableToCommonShares": "5573000000.00",
            "preferredStockAndOtherAdjustments": null
        },
        "2014-03-31": {
            "date": "2014-03-31",
            "filing_date": "2014-05-02",
            "currency_symbol": "USD",
            "researchDevelopment": "0.00",
            "effectOfAccountingCharges": "0.00",
            "incomeBeforeTax": "7729000000.00",
            "minorityInterest": "0.00",
            "netIncome": "5269000000.00",
            "sellingGeneralAdministrative": "7859000000.00",
            "sellingAndMarketingExpenses": "564000000.00",
            "grossProfit": "22365000000.00",
            "reconciledDepreciation": "1208000000.00",
            "ebit": "7729000000.00",
            "ebitda": "8937000000.00",
            "depreciationAndAmortization": "1208000000.00",
            "nonOperatingIncomeNetOther": null,
            "operatingIncome": "7729000000.00",
            "otherOperatingExpenses": "12572000000.00",
            "interestExpense": "2126000000.00",
            "taxProvision": null,
            "interestIncome": null,
            "netInterestIncome": null,
            "extraordinaryItems": "0.00",
            "nonRecurring": "0.00",
            "otherItems": "0.00",
            "incomeTaxExpense": "2460000000.00",
            "totalRevenue": "25341000000.00",
            "totalOperatingExpenses": "14636000000.00",
            "costOfRevenue": "2976000000.00",
            "totalOtherIncomeExpenseNet": "-2064000000.00",
            "discontinuedOperations": "0.00",
            "netIncomeFromContinuingOps": "5274000000.00",
            "netIncomeApplicableToCommonShares": "4898000000.00",
            "preferredStockAndOtherAdjustments": null
        },
        "2013-12-31": {
            "date": "2013-12-31",
            "filing_date": "2014-02-20",
            "currency_symbol": "USD",
            "researchDevelopment": "0.00",
            "effectOfAccountingCharges": "0.00",
            "incomeBeforeTax": "7500000000.00",
            "minorityInterest": "0.00",
            "netIncome": "5278000000.00",
            "sellingGeneralAdministrative": "7052000000.00",
            "sellingAndMarketingExpenses": "745000000.00",
            "grossProfit": "23052000000.00",
            "reconciledDepreciation": "1246000000.00",
            "ebit": "7500000000.00",
            "ebitda": "8746000000.00",
            "depreciationAndAmortization": "1246000000.00",
            "nonOperatingIncomeNetOther": null,
            "operatingIncome": "7500000000.00",
            "otherOperatingExpenses": "18011000000.00",
            "interestExpense": "2355000000.00",
            "taxProvision": null,
            "interestIncome": null,
            "netInterestIncome": null,
            "extraordinaryItems": "0.00",
            "nonRecurring": "0.00",
            "otherItems": "0.00",
            "incomeTaxExpense": "2222000000.00",
            "totalRevenue": "25511000000.00",
            "totalOperatingExpenses": "15552000000.00",
            "costOfRevenue": "2459000000.00",
            "totalOtherIncomeExpenseNet": "-3329000000.00",
            "discontinuedOperations": "0.00",
            "netIncomeFromContinuingOps": "9722000000.00",
            "netIncomeApplicableToCommonShares": "5011000000.00",
            "preferredStockAndOtherAdjustments": null
        },
        "2013-09-30": {
            "date": "2013-09-30",
            "filing_date": "2013-11-01",
            "currency_symbol": "USD",
            "researchDevelopment": "0.00",
            "effectOfAccountingCharges": "0.00",
            "incomeBeforeTax": "34000000.00",
            "minorityInterest": "0.00",
            "netIncome": "-380000000.00",
            "sellingGeneralAdministrative": "7325000000.00",
            "sellingAndMarketingExpenses": "588000000.00",
            "grossProfit": "23660000000.00",
            "reconciledDepreciation": "1651000000.00",
            "ebit": "34000000.00",
            "ebitda": "1685000000.00",
            "depreciationAndAmortization": "1651000000.00",
            "nonOperatingIncomeNetOther": "13162000000.00",
            "operatingIncome": "34000000.00",
            "otherOperatingExpenses": "12113000000.00",
            "interestExpense": "2291000000.00",
            "taxProvision": null,
            "interestIncome": null,
            "netInterestIncome": null,
            "extraordinaryItems": "0.00",
            "nonRecurring": "0.00",
            "otherItems": "0.00",
            "incomeTaxExpense": "414000000.00",
            "totalRevenue": "25408000000.00",
            "totalOperatingExpenses": "23626000000.00",
            "costOfRevenue": "1748000000.00",
            "totalOtherIncomeExpenseNet": "-11513000000.00",
            "discontinuedOperations": "0.00",
            "netIncomeFromContinuingOps": "448000000.00",
            "netIncomeApplicableToCommonShares": "-650000000.00",
            "preferredStockAndOtherAdjustments": null
        },
        "2013-06-30": {
            "date": "2013-06-30",
            "filing_date": "2013-08-07",
            "currency_symbol": "USD",
            "researchDevelopment": "0.00",
            "effectOfAccountingCharges": "0.00",
            "incomeBeforeTax": "9298000000.00",
            "minorityInterest": "0.00",
            "netIncome": "6496000000.00",
            "sellingGeneralAdministrative": "8019000000.00",
            "sellingAndMarketingExpenses": "578000000.00",
            "grossProfit": "25164000000.00",
            "reconciledDepreciation": "1435000000.00",
            "ebit": "9298000000.00",
            "ebitda": "10733000000.00",
            "depreciationAndAmortization": "1435000000.00",
            "nonOperatingIncomeNetOther": "13145000000.00",
            "operatingIncome": "9298000000.00",
            "otherOperatingExpenses": "18185000000.00",
            "interestExpense": "2368000000.00",
            "taxProvision": null,
            "interestIncome": null,
            "netInterestIncome": null,
            "extraordinaryItems": "0.00",
            "nonRecurring": "0.00",
            "otherItems": "0.00",
            "incomeTaxExpense": "2802000000.00",
            "totalRevenue": "27579000000.00",
            "totalOperatingExpenses": "15866000000.00",
            "costOfRevenue": "2415000000.00",
            "totalOtherIncomeExpenseNet": "-805000000.00",
            "discontinuedOperations": "0.00",
            "netIncomeFromContinuingOps": "12100000000.00",
            "netIncomeApplicableToCommonShares": "6101000000.00",
            "preferredStockAndOtherAdjustments": null
        },
        "2013-03-31": {
            "date": "2013-03-31",
            "filing_date": "2013-05-08",
            "currency_symbol": "USD",
            "researchDevelopment": "0.00",
            "effectOfAccountingCharges": "0.00",
            "incomeBeforeTax": "9082000000.00",
            "minorityInterest": "0.00",
            "netIncome": "6529000000.00",
            "sellingGeneralAdministrative": "8414000000.00",
            "sellingAndMarketingExpenses": "589000000.00",
            "grossProfit": "24505000000.00",
            "reconciledDepreciation": "974000000.00",
            "ebit": "9082000000.00",
            "ebitda": "10056000000.00",
            "depreciationAndAmortization": "974000000.00",
            "nonOperatingIncomeNetOther": "13427000000.00",
            "operatingIncome": "9082000000.00",
            "otherOperatingExpenses": "18376000000.00",
            "interestExpense": "2432000000.00",
            "taxProvision": null,
            "interestIncome": null,
            "netInterestIncome": null,
            "extraordinaryItems": "0.00",
            "nonRecurring": "0.00",
            "otherItems": "0.00",
            "incomeTaxExpense": "2553000000.00",
            "totalRevenue": "27554000000.00",
            "totalOperatingExpenses": "15423000000.00",
            "costOfRevenue": "3049000000.00",
            "totalOtherIncomeExpenseNet": "-499000000.00",
            "discontinuedOperations": "0.00",
            "netIncomeFromContinuingOps": "11635000000.00",
            "netIncomeApplicableToCommonShares": "6131000000.00",
            "preferredStockAndOtherAdjustments": null
        },
        "2012-12-31": {
            "date": "2012-12-31",
            "filing_date": "2013-02-28",
            "currency_symbol": "USD",
            "researchDevelopment": "0.00",
            "effectOfAccountingCharges": "0.00",
            "incomeBeforeTax": "6950000000.00",
            "minorityInterest": "0.00",
            "netIncome": "5692000000.00",
            "sellingGeneralAdministrative": "3177000000.00",
            "sellingAndMarketingExpenses": "648000000.00",
            "grossProfit": "22997000000.00",
            "reconciledDepreciation": "1404000000.00",
            "ebit": "6950000000.00",
            "ebitda": "8354000000.00",
            "depreciationAndAmortization": "1404000000.00",
            "nonOperatingIncomeNetOther": null,
            "operatingIncome": "6950000000.00",
            "otherOperatingExpenses": "19215000000.00",
            "interestExpense": "2512000000.00",
            "taxProvision": null,
            "interestIncome": null,
            "netInterestIncome": null,
            "extraordinaryItems": "0.00",
            "nonRecurring": "0.00",
            "otherItems": "0.00",
            "incomeTaxExpense": "1258000000.00",
            "totalRevenue": "26165000000.00",
            "totalOperatingExpenses": "16047000000.00",
            "costOfRevenue": "3168000000.00",
            "totalOtherIncomeExpenseNet": "-1591000000.00",
            "discontinuedOperations": "0.00",
            "netIncomeFromContinuingOps": "20958000000.00",
            "netIncomeApplicableToCommonShares": "5320000000.00",
            "preferredStockAndOtherAdjustments": null
        },
        "2012-09-30": {
            "date": "2012-09-30",
            "filing_date": "2012-11-08",
            "currency_symbol": "USD",
            "researchDevelopment": "0.00",
            "effectOfAccountingCharges": "0.00",
            "incomeBeforeTax": "7986000000.00",
            "minorityInterest": "0.00",
            "netIncome": "5708000000.00",
            "sellingGeneralAdministrative": "7503000000.00",
            "sellingAndMarketingExpenses": "607000000.00",
            "grossProfit": "23357000000.00",
            "reconciledDepreciation": "1294000000.00",
            "ebit": "7986000000.00",
            "ebitda": "9280000000.00",
            "depreciationAndAmortization": "1294000000.00",
            "nonOperatingIncomeNetOther": null,
            "operatingIncome": "7986000000.00",
            "otherOperatingExpenses": "19813000000.00",
            "interestExpense": "2653000000.00",
            "taxProvision": null,
            "interestIncome": null,
            "netInterestIncome": null,
            "extraordinaryItems": "0.00",
            "nonRecurring": "0.00",
            "otherItems": "0.00",
            "incomeTaxExpense": "2278000000.00",
            "totalRevenue": "27799000000.00",
            "totalOperatingExpenses": "15371000000.00",
            "costOfRevenue": "4442000000.00",
            "totalOtherIncomeExpenseNet": "362000000.00",
            "discontinuedOperations": "0.00",
            "netIncomeFromContinuingOps": "5708000000.00",
            "netIncomeApplicableToCommonShares": "5346000000.00",
            "preferredStockAndOtherAdjustments": null
        },
        "2012-06-30": {
            "date": "2012-06-30",
            "filing_date": "2012-08-09",
            "currency_symbol": "USD",
            "researchDevelopment": "0.00",
            "effectOfAccountingCharges": "0.00",
            "incomeBeforeTax": "7000000000.00",
            "minorityInterest": "0.00",
            "netIncome": "4960000000.00",
            "sellingGeneralAdministrative": "7427000000.00",
            "sellingAndMarketingExpenses": "642000000.00",
            "grossProfit": "21966000000.00",
            "reconciledDepreciation": "1217000000.00",
            "ebit": "7000000000.00",
            "ebitda": "8217000000.00",
            "depreciationAndAmortization": "1217000000.00",
            "nonOperatingIncomeNetOther": null,
            "operatingIncome": "7000000000.00",
            "otherOperatingExpenses": "18133000000.00",
            "interestExpense": "2953000000.00",
            "taxProvision": null,
            "interestIncome": null,
            "netInterestIncome": null,
            "extraordinaryItems": "0.00",
            "nonRecurring": "0.00",
            "otherItems": "0.00",
            "incomeTaxExpense": "2040000000.00",
            "totalRevenue": "25133000000.00",
            "totalOperatingExpenses": "14966000000.00",
            "costOfRevenue": "3167000000.00",
            "totalOtherIncomeExpenseNet": "326000000.00",
            "discontinuedOperations": "0.00",
            "netIncomeFromContinuingOps": "4960000000.00",
            "netIncomeApplicableToCommonShares": "4634000000.00",
            "preferredStockAndOtherAdjustments": null
        },
        "2012-03-31": {
            "date": "2012-03-31",
            "filing_date": "2012-05-10",
            "currency_symbol": "USD",
            "researchDevelopment": "0.00",
            "effectOfAccountingCharges": "0.00",
            "incomeBeforeTax": "6981000000.00",
            "minorityInterest": "0.00",
            "netIncome": "4924000000.00",
            "sellingGeneralAdministrative": "8613000000.00",
            "sellingAndMarketingExpenses": "680000000.00",
            "grossProfit": "25326000000.00",
            "reconciledDepreciation": "1232000000.00",
            "ebit": "6981000000.00",
            "ebitda": "8213000000.00",
            "depreciationAndAmortization": "1232000000.00",
            "nonOperatingIncomeNetOther": null,
            "operatingIncome": "6981000000.00",
            "otherOperatingExpenses": "22106000000.00",
            "interestExpense": "3035000000.00",
            "taxProvision": null,
            "interestIncome": null,
            "netInterestIncome": null,
            "extraordinaryItems": "0.00",
            "nonRecurring": "0.00",
            "otherItems": "0.00",
            "incomeTaxExpense": "2057000000.00",
            "totalRevenue": "29087000000.00",
            "totalOperatingExpenses": "18345000000.00",
            "costOfRevenue": "3761000000.00",
            "totalOtherIncomeExpenseNet": "-5306000000.00",
            "discontinuedOperations": "0.00",
            "netIncomeFromContinuingOps": "4924000000.00",
            "netIncomeApplicableToCommonShares": "4577000000.00",
            "preferredStockAndOtherAdjustments": null
        },
        "2011-12-31": {
            "date": "2011-12-31",
            "filing_date": "2012-02-29",
            "currency_symbol": "USD",
            "researchDevelopment": "0.00",
            "effectOfAccountingCharges": "0.00",
            "incomeBeforeTax": "4747000000.00",
            "minorityInterest": "0.00",
            "netIncome": "3728000000.00",
            "sellingGeneralAdministrative": "2632000000.00",
            "sellingAndMarketingExpenses": "814000000.00",
            "grossProfit": "19287000000.00",
            "reconciledDepreciation": "1288000000.00",
            "ebit": "4747000000.00",
            "ebitda": "6035000000.00",
            "depreciationAndAmortization": "1288000000.00",
            "nonOperatingIncomeNetOther": null,
            "operatingIncome": "4747000000.00",
            "otherOperatingExpenses": "19647000000.00",
            "interestExpense": "2923000000.00",
            "taxProvision": null,
            "interestIncome": null,
            "netInterestIncome": null,
            "extraordinaryItems": "0.00",
            "nonRecurring": "0.00",
            "otherItems": "0.00",
            "incomeTaxExpense": "1019000000.00",
            "totalRevenue": "24394000000.00",
            "totalOperatingExpenses": "14540000000.00",
            "costOfRevenue": "5107000000.00",
            "totalOtherIncomeExpenseNet": "-4004000000.00",
            "discontinuedOperations": "0.00",
            "netIncomeFromContinuingOps": "3728000000.00",
            "netIncomeApplicableToCommonShares": "3429000000.00",
            "preferredStockAndOtherAdjustments": null
        },
        "2011-09-30": {
            "date": "2011-09-30",
            "filing_date": "2011-11-04",
            "currency_symbol": "USD",
            "researchDevelopment": "0.00",
            "effectOfAccountingCharges": "0.00",
            "incomeBeforeTax": "5818000000.00",
            "minorityInterest": "0.00",
            "netIncome": "4262000000.00",
            "sellingGeneralAdministrative": "8156000000.00",
            "sellingAndMarketingExpenses": "926000000.00",
            "grossProfit": "21352000000.00",
            "reconciledDepreciation": "1265000000.00",
            "ebit": "5818000000.00",
            "ebitda": "7083000000.00",
            "depreciationAndAmortization": "1265000000.00",
            "nonOperatingIncomeNetOther": null,
            "operatingIncome": "5818000000.00",
            "otherOperatingExpenses": "21288000000.00",
            "interestExpense": "3343000000.00",
            "taxProvision": null,
            "interestIncome": null,
            "netInterestIncome": null,
            "extraordinaryItems": "0.00",
            "nonRecurring": "0.00",
            "otherItems": "0.00",
            "incomeTaxExpense": "1556000000.00",
            "totalRevenue": "27106000000.00",
            "totalOperatingExpenses": "15534000000.00",
            "costOfRevenue": "5754000000.00",
            "totalOtherIncomeExpenseNet": "-5661000000.00",
            "discontinuedOperations": "0.00",
            "netIncomeFromContinuingOps": "4262000000.00",
            "netIncomeApplicableToCommonShares": "3936000000.00",
            "preferredStockAndOtherAdjustments": null
        },
        "2011-06-30": {
            "date": "2011-06-30",
            "filing_date": "2011-08-05",
            "currency_symbol": "USD",
            "researchDevelopment": "0.00",
            "effectOfAccountingCharges": "0.00",
            "incomeBeforeTax": "8127000000.00",
            "minorityInterest": "0.00",
            "netIncome": "5431000000.00",
            "sellingGeneralAdministrative": "8786000000.00",
            "sellingAndMarketingExpenses": "744000000.00",
            "grossProfit": "24969000000.00",
            "reconciledDepreciation": "1278000000.00",
            "ebit": "8127000000.00",
            "ebitda": "9405000000.00",
            "depreciationAndAmortization": "1278000000.00",
            "nonOperatingIncomeNetOther": null,
            "operatingIncome": "8127000000.00",
            "otherOperatingExpenses": "22448000000.00",
            "interestExpense": "3796000000.00",
            "taxProvision": null,
            "interestIncome": null,
            "netInterestIncome": null,
            "extraordinaryItems": "0.00",
            "nonRecurring": "0.00",
            "otherItems": "0.00",
            "incomeTaxExpense": "2696000000.00",
            "totalRevenue": "30575000000.00",
            "totalOperatingExpenses": "16842000000.00",
            "costOfRevenue": "5606000000.00",
            "totalOtherIncomeExpenseNet": "-6140000000.00",
            "discontinuedOperations": "0.00",
            "netIncomeFromContinuingOps": "5431000000.00",
            "netIncomeApplicableToCommonShares": "5067000000.00",
            "preferredStockAndOtherAdjustments": null
        },
        "2011-03-31": {
            "date": "2011-03-31",
            "filing_date": "2011-05-06",
            "currency_symbol": "USD",
            "researchDevelopment": "0.00",
            "effectOfAccountingCharges": "0.00",
            "incomeBeforeTax": "8057000000.00",
            "minorityInterest": "0.00",
            "netIncome": "5555000000.00",
            "sellingGeneralAdministrative": "9463000000.00",
            "sellingAndMarketingExpenses": "659000000.00",
            "grossProfit": "24052000000.00",
            "reconciledDepreciation": "1274000000.00",
            "ebit": "8057000000.00",
            "ebitda": "9331000000.00",
            "depreciationAndAmortization": "1274000000.00",
            "nonOperatingIncomeNetOther": null,
            "operatingIncome": "8057000000.00",
            "otherOperatingExpenses": "20706000000.00",
            "interestExpense": "3542000000.00",
            "taxProvision": null,
            "interestIncome": null,
            "netInterestIncome": null,
            "extraordinaryItems": "0.00",
            "nonRecurring": "0.00",
            "otherItems": "0.00",
            "incomeTaxExpense": "2502000000.00",
            "totalRevenue": "28763000000.00",
            "totalOperatingExpenses": "15995000000.00",
            "costOfRevenue": "4711000000.00",
            "totalOtherIncomeExpenseNet": "-5873000000.00",
            "discontinuedOperations": "0.00",
            "netIncomeFromContinuingOps": "5555000000.00",
            "netIncomeApplicableToCommonShares": "5136000000.00",
            "preferredStockAndOtherAdjustments": null
        },
        "2010-12-31": {
            "date": "2010-12-31",
            "filing_date": "2011-02-28",
            "currency_symbol": "USD",
            "researchDevelopment": "0.00",
            "effectOfAccountingCharges": "0.00",
            "incomeBeforeTax": "7012000000.00",
            "minorityInterest": "0.00",
            "netIncome": "4831000000.00",
            "sellingGeneralAdministrative": "3085000000.00",
            "sellingAndMarketingExpenses": "584000000.00",
            "grossProfit": "23055000000.00",
            "reconciledDepreciation": "1288000000.00",
            "ebit": "7012000000.00",
            "ebitda": "8300000000.00",
            "depreciationAndAmortization": "1288000000.00",
            "nonOperatingIncomeNetOther": null,
            "operatingIncome": "7012000000.00",
            "otherOperatingExpenses": "22596000000.00",
            "interestExpense": "3510000000.00",
            "taxProvision": null,
            "interestIncome": null,
            "netInterestIncome": null,
            "extraordinaryItems": "0.00",
            "nonRecurring": "0.00",
            "otherItems": "0.00",
            "incomeTaxExpense": "2181000000.00",
            "totalRevenue": "29608000000.00",
            "totalOperatingExpenses": "16043000000.00",
            "costOfRevenue": "6553000000.00",
            "totalOtherIncomeExpenseNet": "-4558000000.00",
            "discontinuedOperations": "0.00",
            "netIncomeFromContinuingOps": "4831000000.00",
            "netIncomeApplicableToCommonShares": "4408000000.00",
            "preferredStockAndOtherAdjustments": null
        },
        "2010-09-30": {
            "date": "2010-09-30",
            "filing_date": "2010-11-09",
            "currency_symbol": "USD",
            "researchDevelopment": "0.00",
            "effectOfAccountingCharges": "0.00",
            "incomeBeforeTax": "6203000000.00",
            "minorityInterest": "0.00",
            "netIncome": "4418000000.00",
            "sellingGeneralAdministrative": "7845000000.00",
            "sellingAndMarketingExpenses": "651000000.00",
            "grossProfit": "20601000000.00",
            "reconciledDepreciation": "1273000000.00",
            "ebit": "6203000000.00",
            "ebitda": "7476000000.00",
            "depreciationAndAmortization": "1273000000.00",
            "nonOperatingIncomeNetOther": null,
            "operatingIncome": "6203000000.00",
            "otherOperatingExpenses": "20725000000.00",
            "interestExpense": "3104000000.00",
            "taxProvision": null,
            "interestIncome": null,
            "netInterestIncome": null,
            "extraordinaryItems": "0.00",
            "nonRecurring": "0.00",
            "otherItems": "0.00",
            "incomeTaxExpense": "1785000000.00",
            "totalRevenue": "26928000000.00",
            "totalOperatingExpenses": "14398000000.00",
            "costOfRevenue": "6327000000.00",
            "totalOtherIncomeExpenseNet": "-5432000000.00",
            "discontinuedOperations": "0.00",
            "netIncomeFromContinuingOps": "4418000000.00",
            "netIncomeApplicableToCommonShares": "4019000000.00",
            "preferredStockAndOtherAdjustments": null
        },
        "2010-06-30": {
            "date": "2010-06-30",
            "filing_date": "2010-08-06",
            "currency_symbol": "USD",
            "researchDevelopment": "0.00",
            "effectOfAccountingCharges": "0.00",
            "incomeBeforeTax": "7107000000.00",
            "minorityInterest": "0.00",
            "netIncome": "4795000000.00",
            "sellingGeneralAdministrative": "8781000000.00",
            "sellingAndMarketingExpenses": "628000000.00",
            "grossProfit": "21738000000.00",
            "reconciledDepreciation": "1206000000.00",
            "ebit": "7107000000.00",
            "ebitda": "8315000000.00",
            "depreciationAndAmortization": "1208000000.00",
            "nonOperatingIncomeNetOther": null,
            "operatingIncome": "7107000000.00",
            "otherOperatingExpenses": "21026000000.00",
            "interestExpense": "3032000000.00",
            "taxProvision": null,
            "interestIncome": null,
            "netInterestIncome": null,
            "extraordinaryItems": "0.00",
            "nonRecurring": "0.00",
            "otherItems": "0.00",
            "incomeTaxExpense": "2312000000.00",
            "totalRevenue": "28133000000.00",
            "totalOperatingExpenses": "14631000000.00",
            "costOfRevenue": "6395000000.00",
            "totalOtherIncomeExpenseNet": "-5211000000.00",
            "discontinuedOperations": "0.00",
            "netIncomeFromContinuingOps": "4795000000.00",
            "netIncomeApplicableToCommonShares": "4363000000.00",
            "preferredStockAndOtherAdjustments": null
        },
        "2010-03-31": {
            "date": "2010-03-31",
            "filing_date": "2010-05-10",
            "currency_symbol": "USD",
            "researchDevelopment": "0.00",
            "effectOfAccountingCharges": "0.00",
            "incomeBeforeTax": "4537000000.00",
            "minorityInterest": "0.00",
            "netIncome": "3326000000.00",
            "sellingGeneralAdministrative": "8413000000.00",
            "sellingAndMarketingExpenses": "583000000.00",
            "grossProfit": "20661000000.00",
            "reconciledDepreciation": "1198000000.00",
            "ebit": "4537000000.00",
            "ebitda": "5741000000.00",
            "depreciationAndAmortization": "1204000000.00",
            "nonOperatingIncomeNetOther": null,
            "operatingIncome": "4537000000.00",
            "otherOperatingExpenses": "26269000000.00",
            "interestExpense": "3135000000.00",
            "taxProvision": null,
            "interestIncome": null,
            "netInterestIncome": null,
            "extraordinaryItems": "0.00",
            "nonRecurring": "0.00",
            "otherItems": "0.00",
            "incomeTaxExpense": "1211000000.00",
            "totalRevenue": "30806000000.00",
            "totalOperatingExpenses": "16124000000.00",
            "costOfRevenue": "10145000000.00",
            "totalOtherIncomeExpenseNet": "-5294000000.00",
            "discontinuedOperations": "0.00",
            "netIncomeFromContinuingOps": "3326000000.00",
            "netIncomeApplicableToCommonShares": "2974000000.00",
            "preferredStockAndOtherAdjustments": null
        },
        "2009-12-31": {
            "date": "2009-12-31",
            "filing_date": "2010-02-24",
            "currency_symbol": "USD",
            "researchDevelopment": "0.00",
            "effectOfAccountingCharges": "0.00",
            "incomeBeforeTax": "3876000000.00",
            "minorityInterest": "0.00",
            "netIncome": "3278000000.00",
            "sellingGeneralAdministrative": "1670000000.00",
            "sellingAndMarketingExpenses": "536000000.00",
            "grossProfit": "15880000000.00",
            "reconciledDepreciation": "1087000000.00",
            "ebit": "3876000000.00",
            "ebitda": "4963000000.00",
            "depreciationAndAmortization": "1087000000.00",
            "nonOperatingIncomeNetOther": null,
            "operatingIncome": "3876000000.00",
            "otherOperatingExpenses": "22525000000.00",
            "interestExpense": "3237000000.00",
            "taxProvision": null,
            "interestIncome": null,
            "netInterestIncome": null,
            "extraordinaryItems": "0.00",
            "nonRecurring": "0.00",
            "otherItems": "0.00",
            "incomeTaxExpense": "598000000.00",
            "totalRevenue": "26401000000.00",
            "totalOperatingExpenses": "12004000000.00",
            "costOfRevenue": "10521000000.00",
            "totalOtherIncomeExpenseNet": "-4068000000.00",
            "discontinuedOperations": "0.00",
            "netIncomeFromContinuingOps": "0.00",
            "netIncomeApplicableToCommonShares": "3116000000.00",
            "preferredStockAndOtherAdjustments": null
        },
        "2009-09-30": {
            "date": "2009-09-30",
            "filing_date": "2009-11-09",
            "currency_symbol": "USD",
            "researchDevelopment": "0.00",
            "effectOfAccountingCharges": "0.00",
            "incomeBeforeTax": "5063000000.00",
            "minorityInterest": "0.00",
            "netIncome": "3588000000.00",
            "sellingGeneralAdministrative": "8451000000.00",
            "sellingAndMarketingExpenses": "440000000.00",
            "grossProfit": "18518000000.00",
            "reconciledDepreciation": "997000000.00",
            "ebit": "5063000000.00",
            "ebitda": "6060000000.00",
            "depreciationAndAmortization": "997000000.00",
            "nonOperatingIncomeNetOther": null,
            "operatingIncome": "5063000000.00",
            "otherOperatingExpenses": "25082000000.00",
            "interestExpense": "3523000000.00",
            "taxProvision": null,
            "interestIncome": null,
            "netInterestIncome": null,
            "extraordinaryItems": "76000000.00",
            "nonRecurring": "0.00",
            "otherItems": "0.00",
            "incomeTaxExpense": "1551000000.00",
            "totalRevenue": "30145000000.00",
            "totalOperatingExpenses": "13455000000.00",
            "costOfRevenue": "11627000000.00",
            "totalOtherIncomeExpenseNet": "-5339000000.00",
            "discontinuedOperations": "0.00",
            "netIncomeFromContinuingOps": "3512000000.00",
            "netIncomeApplicableToCommonShares": "3240000000.00",
            "preferredStockAndOtherAdjustments": null
        },
        "2009-06-30": {
            "date": "2009-06-30",
            "filing_date": "2009-08-10",
            "currency_symbol": "USD",
            "researchDevelopment": "0.00",
            "effectOfAccountingCharges": "0.00",
            "incomeBeforeTax": "4072000000.00",
            "minorityInterest": "0.00",
            "netIncome": "2721000000.00",
            "sellingGeneralAdministrative": "8073000000.00",
            "sellingAndMarketingExpenses": "417000000.00",
            "grossProfit": "17592000000.00",
            "reconciledDepreciation": "1063000000.00",
            "ebit": "4072000000.00",
            "ebitda": "5135000000.00",
            "depreciationAndAmortization": "1063000000.00",
            "nonOperatingIncomeNetOther": null,
            "operatingIncome": "4072000000.00",
            "otherOperatingExpenses": "25430000000.00",
            "interestExpense": "3879000000.00",
            "taxProvision": null,
            "interestIncome": null,
            "netInterestIncome": null,
            "extraordinaryItems": "0.00",
            "nonRecurring": "0.00",
            "otherItems": "0.00",
            "incomeTaxExpense": "1351000000.00",
            "totalRevenue": "29502000000.00",
            "totalOperatingExpenses": "13520000000.00",
            "costOfRevenue": "11910000000.00",
            "totalOtherIncomeExpenseNet": "-5740000000.00",
            "discontinuedOperations": "0.00",
            "netIncomeFromContinuingOps": "2721000000.00",
            "netIncomeApplicableToCommonShares": "1072000000.00",
            "preferredStockAndOtherAdjustments": null
        },
        "2009-03-31": {
            "date": "2009-03-31",
            "filing_date": "2009-05-07",
            "currency_symbol": "USD",
            "researchDevelopment": "0.00",
            "effectOfAccountingCharges": "0.00",
            "incomeBeforeTax": "3056000000.00",
            "minorityInterest": "0.00",
            "netIncome": "2141000000.00",
            "sellingGeneralAdministrative": "8734000000.00",
            "sellingAndMarketingExpenses": "384000000.00",
            "grossProfit": "16429000000.00",
            "reconciledDepreciation": "686000000.00",
            "ebit": "3056000000.00",
            "ebitda": "3742000000.00",
            "depreciationAndAmortization": "686000000.00",
            "nonOperatingIncomeNetOther": null,
            "operatingIncome": "3056000000.00",
            "otherOperatingExpenses": "26528000000.00",
            "interestExpense": "4559000000.00",
            "taxProvision": null,
            "interestIncome": null,
            "netInterestIncome": null,
            "extraordinaryItems": "0.00",
            "nonRecurring": "0.00",
            "otherItems": "0.00",
            "incomeTaxExpense": "915000000.00",
            "totalRevenue": "29584000000.00",
            "totalOperatingExpenses": "13373000000.00",
            "costOfRevenue": "13155000000.00",
            "totalOtherIncomeExpenseNet": "-5656000000.00",
            "discontinuedOperations": "0.00",
            "netIncomeFromContinuingOps": "0.00",
            "netIncomeApplicableToCommonShares": "1612000000.00",
            "preferredStockAndOtherAdjustments": null
        },
        "2008-12-31": {
            "date": "2008-12-31",
            "filing_date": "2009-03-02",
            "currency_symbol": "USD",
            "researchDevelopment": "0.00",
            "effectOfAccountingCharges": "0.00",
            "incomeBeforeTax": "-1342000000.00",
            "minorityInterest": "0.00",
            "netIncome": "702000000.00",
            "sellingGeneralAdministrative": "5024000000.00",
            "sellingAndMarketingExpenses": "501000000.00",
            "grossProfit": "9913000000.00",
            "reconciledDepreciation": "1156000000.00",
            "ebit": "-1342000000.00",
            "ebitda": "-186000000.00",
            "depreciationAndAmortization": "1156000000.00",
            "nonOperatingIncomeNetOther": null,
            "operatingIncome": "-1342000000.00",
            "otherOperatingExpenses": "26367000000.00",
            "interestExpense": "7799000000.00",
            "taxProvision": null,
            "interestIncome": null,
            "netInterestIncome": null,
            "extraordinaryItems": "1325000000.00",
            "nonRecurring": "0.00",
            "otherItems": "0.00",
            "incomeTaxExpense": "-719000000.00",
            "totalRevenue": "25025000000.00",
            "totalOperatingExpenses": "11255000000.00",
            "costOfRevenue": "15112000000.00",
            "totalOtherIncomeExpenseNet": "-9954000000.00",
            "discontinuedOperations": "0.00",
            "netIncomeFromContinuingOps": "0.00",
            "netIncomeApplicableToCommonShares": "3025000000.00",
            "preferredStockAndOtherAdjustments": null
        },
        "2008-09-30": {
            "date": "2008-09-30",
            "filing_date": "2008-11-07",
            "currency_symbol": "USD",
            "researchDevelopment": "0.00",
            "effectOfAccountingCharges": "0.00",
            "incomeBeforeTax": "-2187000000.00",
            "minorityInterest": "0.00",
            "netIncome": "527000000.00",
            "sellingGeneralAdministrative": "6970000000.00",
            "sellingAndMarketingExpenses": "453000000.00",
            "grossProfit": "8950000000.00",
            "reconciledDepreciation": "1115000000.00",
            "ebit": "-2187000000.00",
            "ebitda": "-1072000000.00",
            "depreciationAndAmortization": "1115000000.00",
            "nonOperatingIncomeNetOther": null,
            "operatingIncome": "-2187000000.00",
            "otherOperatingExpenses": "25256000000.00",
            "interestExpense": "8332000000.00",
            "taxProvision": null,
            "interestIncome": null,
            "netInterestIncome": null,
            "extraordinaryItems": "581000000.00",
            "nonRecurring": "0.00",
            "otherItems": "0.00",
            "incomeTaxExpense": "-2133000000.00",
            "totalRevenue": "23069000000.00",
            "totalOperatingExpenses": "11137000000.00",
            "costOfRevenue": "14119000000.00",
            "totalOtherIncomeExpenseNet": "-14593000000.00",
            "discontinuedOperations": "0.00",
            "netIncomeFromContinuingOps": "0.00",
            "netIncomeApplicableToCommonShares": "-1913000000.00",
            "preferredStockAndOtherAdjustments": null
        },
        "2008-06-30": {
            "date": "2008-06-30",
            "filing_date": "2008-08-11",
            "currency_symbol": "USD",
            "researchDevelopment": "0.00",
            "effectOfAccountingCharges": "0.00",
            "incomeBeforeTax": "2767000000.00",
            "minorityInterest": "0.00",
            "netIncome": "2003000000.00",
            "sellingGeneralAdministrative": "7941000000.00",
            "sellingAndMarketingExpenses": "413000000.00",
            "grossProfit": "14944000000.00",
            "reconciledDepreciation": "1212000000.00",
            "ebit": "2767000000.00",
            "ebitda": "3979000000.00",
            "depreciationAndAmortization": "1212000000.00",
            "nonOperatingIncomeNetOther": null,
            "operatingIncome": "2767000000.00",
            "otherOperatingExpenses": "23867000000.00",
            "interestExpense": "8235000000.00",
            "taxProvision": null,
            "interestIncome": null,
            "netInterestIncome": null,
            "extraordinaryItems": "0.00",
            "nonRecurring": "0.00",
            "otherItems": "0.00",
            "incomeTaxExpense": "764000000.00",
            "totalRevenue": "26634000000.00",
            "totalOperatingExpenses": "12177000000.00",
            "costOfRevenue": "11690000000.00",
            "totalOtherIncomeExpenseNet": "-9447000000.00",
            "discontinuedOperations": "0.00",
            "netIncomeFromContinuingOps": "0.00",
            "netIncomeApplicableToCommonShares": "1913000000.00",
            "preferredStockAndOtherAdjustments": null
        },
        "2008-03-31": {
            "date": "2008-03-31",
            "filing_date": "2008-05-12",
            "currency_symbol": "USD",
            "researchDevelopment": "0.00",
            "effectOfAccountingCharges": "0.00",
            "incomeBeforeTax": "3535000000.00",
            "minorityInterest": "0.00",
            "netIncome": "2373000000.00",
            "sellingGeneralAdministrative": "4951000000.00",
            "sellingAndMarketingExpenses": "546000000.00",
            "grossProfit": "12466000000.00",
            "reconciledDepreciation": "923000000.00",
            "ebit": "3535000000.00",
            "ebitda": "4458000000.00",
            "depreciationAndAmortization": "923000000.00",
            "nonOperatingIncomeNetOther": null,
            "operatingIncome": "3535000000.00",
            "otherOperatingExpenses": "23228000000.00",
            "interestExpense": "9873000000.00",
            "taxProvision": null,
            "interestIncome": null,
            "netInterestIncome": null,
            "extraordinaryItems": "0.00",
            "nonRecurring": "0.00",
            "otherItems": "0.00",
            "incomeTaxExpense": "1162000000.00",
            "totalRevenue": "26763000000.00",
            "totalOperatingExpenses": "8931000000.00",
            "costOfRevenue": "14297000000.00",
            "totalOtherIncomeExpenseNet": "-10796000000.00",
            "discontinuedOperations": "0.00",
            "netIncomeFromContinuingOps": "0.00",
            "netIncomeApplicableToCommonShares": "2373000000.00",
            "preferredStockAndOtherAdjustments": null
        },
        "2007-12-31": {
            "date": "2007-12-31",
            "filing_date": "2008-02-29",
            "currency_symbol": "USD",
            "researchDevelopment": "0.00",
            "effectOfAccountingCharges": "0.00",
            "incomeBeforeTax": "4122000000.00",
            "minorityInterest": "0.00",
            "netIncome": "2971000000.00",
            "sellingGeneralAdministrative": "5469000000.00",
            "sellingAndMarketingExpenses": "570000000.00",
            "grossProfit": "14842000000.00",
            "reconciledDepreciation": "1061000000.00",
            "ebit": "4122000000.00",
            "ebitda": "5183000000.00",
            "depreciationAndAmortization": "1061000000.00",
            "nonOperatingIncomeNetOther": null,
            "operatingIncome": "4122000000.00",
            "otherOperatingExpenses": "24658000000.00",
            "interestExpense": "11396000000.00",
            "taxProvision": null,
            "interestIncome": null,
            "netInterestIncome": null,
            "extraordinaryItems": "0.00",
            "nonRecurring": "0.00",
            "otherItems": "0.00",
            "incomeTaxExpense": "1151000000.00",
            "totalRevenue": "28780000000.00",
            "totalOperatingExpenses": "10720000000.00",
            "costOfRevenue": "13938000000.00",
            "totalOtherIncomeExpenseNet": "-11396000000.00",
            "discontinuedOperations": "0.00",
            "netIncomeFromContinuingOps": "0.00",
            "netIncomeApplicableToCommonShares": "2971000000.00",
            "preferredStockAndOtherAdjustments": null
        },
        "2007-09-30": {
            "date": "2007-09-30",
            "filing_date": "2007-11-09",
            "currency_symbol": "USD",
            "researchDevelopment": "0.00",
            "effectOfAccountingCharges": "0.00",
            "incomeBeforeTax": "5000000000.00",
            "minorityInterest": "0.00",
            "netIncome": "3373000000.00",
            "sellingGeneralAdministrative": "4677000000.00",
            "sellingAndMarketingExpenses": "561000000.00",
            "grossProfit": "14327000000.00",
            "reconciledDepreciation": "957000000.00",
            "ebit": "5000000000.00",
            "ebitda": "5957000000.00",
            "depreciationAndAmortization": "957000000.00",
            "nonOperatingIncomeNetOther": null,
            "operatingIncome": "5000000000.00",
            "otherOperatingExpenses": "23005000000.00",
            "interestExpense": "11893000000.00",
            "taxProvision": null,
            "interestIncome": null,
            "netInterestIncome": null,
            "extraordinaryItems": "0.00",
            "nonRecurring": "0.00",
            "otherItems": "0.00",
            "incomeTaxExpense": "1627000000.00",
            "totalRevenue": "28005000000.00",
            "totalOperatingExpenses": "9327000000.00",
            "costOfRevenue": "13678000000.00",
            "totalOtherIncomeExpenseNet": "-12850000000.00",
            "discontinuedOperations": "0.00",
            "netIncomeFromContinuingOps": "0.00",
            "netIncomeApplicableToCommonShares": "3373000000.00",
            "preferredStockAndOtherAdjustments": null
        },
        "2007-06-30": {
            "date": "2007-06-30",
            "filing_date": "2007-08-09",
            "currency_symbol": "USD",
            "researchDevelopment": "0.00",
            "effectOfAccountingCharges": "0.00",
            "incomeBeforeTax": "6351000000.00",
            "minorityInterest": "0.00",
            "netIncome": "4234000000.00",
            "sellingGeneralAdministrative": "6309000000.00",
            "sellingAndMarketingExpenses": "457000000.00",
            "grossProfit": "17379000000.00",
            "reconciledDepreciation": "927000000.00",
            "ebit": "6351000000.00",
            "ebitda": "7278000000.00",
            "depreciationAndAmortization": "927000000.00",
            "nonOperatingIncomeNetOther": null,
            "operatingIncome": "6351000000.00",
            "otherOperatingExpenses": "23731000000.00",
            "interestExpense": "11174000000.00",
            "taxProvision": null,
            "interestIncome": null,
            "netInterestIncome": null,
            "extraordinaryItems": "0.00",
            "nonRecurring": "0.00",
            "otherItems": "0.00",
            "incomeTaxExpense": "2117000000.00",
            "totalRevenue": "30082000000.00",
            "totalOperatingExpenses": "11028000000.00",
            "costOfRevenue": "12703000000.00",
            "totalOtherIncomeExpenseNet": "-12101000000.00",
            "discontinuedOperations": "0.00",
            "netIncomeFromContinuingOps": "0.00",
            "netIncomeApplicableToCommonShares": "4234000000.00",
            "preferredStockAndOtherAdjustments": null
        },
        "2007-03-31": {
            "date": "2007-03-31",
            "filing_date": "2007-05-10",
            "currency_symbol": "USD",
            "researchDevelopment": "0.00",
            "effectOfAccountingCharges": "0.00",
            "incomeBeforeTax": "7332000000.00",
            "minorityInterest": "0.00",
            "netIncome": "4787000000.00",
            "sellingGeneralAdministrative": "6234000000.00",
            "sellingAndMarketingExpenses": "482000000.00",
            "grossProfit": "17960000000.00",
            "reconciledDepreciation": "876000000.00",
            "ebit": "7332000000.00",
            "ebitda": "8208000000.00",
            "depreciationAndAmortization": "876000000.00",
            "nonOperatingIncomeNetOther": null,
            "operatingIncome": "7332000000.00",
            "otherOperatingExpenses": "22154000000.00",
            "interestExpense": "10518000000.00",
            "taxProvision": null,
            "interestIncome": null,
            "netInterestIncome": null,
            "extraordinaryItems": "0.00",
            "nonRecurring": "0.00",
            "otherItems": "0.00",
            "incomeTaxExpense": "2545000000.00",
            "totalRevenue": "29486000000.00",
            "totalOperatingExpenses": "10628000000.00",
            "costOfRevenue": "11526000000.00",
            "totalOtherIncomeExpenseNet": "-10518000000.00",
            "discontinuedOperations": "0.00",
            "netIncomeFromContinuingOps": "0.00",
            "netIncomeApplicableToCommonShares": "4787000000.00",
            "preferredStockAndOtherAdjustments": null
        },
        "2006-12-31": {
            "date": "2006-12-31",
            "filing_date": "2007-03-01",
            "currency_symbol": "USD",
            "researchDevelopment": "0.00",
            "effectOfAccountingCharges": "0.00",
            "incomeBeforeTax": "5174000000.00",
            "minorityInterest": "0.00",
            "netIncome": "4526000000.00",
            "sellingGeneralAdministrative": "4985000000.00",
            "sellingAndMarketingExpenses": "614000000.00",
            "grossProfit": "14920000000.00",
            "reconciledDepreciation": "997000000.00",
            "ebit": "5174000000.00",
            "ebitda": "6171000000.00",
            "depreciationAndAmortization": "997000000.00",
            "nonOperatingIncomeNetOther": null,
            "operatingIncome": "5174000000.00",
            "otherOperatingExpenses": "21881000000.00",
            "interestExpense": "11001000000.00",
            "taxProvision": null,
            "interestIncome": null,
            "netInterestIncome": null,
            "extraordinaryItems": "0.00",
            "nonRecurring": "0.00",
            "otherItems": "0.00",
            "incomeTaxExpense": "1268000000.00",
            "totalRevenue": "27055000000.00",
            "totalOperatingExpenses": "9746000000.00",
            "costOfRevenue": "12135000000.00",
            "totalOtherIncomeExpenseNet": "-12618000000.00",
            "discontinuedOperations": "0.00",
            "netIncomeFromContinuingOps": "0.00",
            "netIncomeApplicableToCommonShares": "3906000000.00",
            "preferredStockAndOtherAdjustments": null
        },
        "2006-09-30": {
            "date": "2006-09-30",
            "filing_date": "2006-11-08",
            "currency_symbol": "USD",
            "researchDevelopment": "0.00",
            "effectOfAccountingCharges": "0.00",
            "incomeBeforeTax": "4937000000.00",
            "minorityInterest": "0.00",
            "netIncome": "3297000000.00",
            "sellingGeneralAdministrative": "5390000000.00",
            "sellingAndMarketingExpenses": "550000000.00",
            "grossProfit": "14733000000.00",
            "reconciledDepreciation": "860000000.00",
            "ebit": "4937000000.00",
            "ebitda": "5797000000.00",
            "depreciationAndAmortization": "860000000.00",
            "nonOperatingIncomeNetOther": null,
            "operatingIncome": "4937000000.00",
            "otherOperatingExpenses": "20386000000.00",
            "interestExpense": "9778000000.00",
            "taxProvision": null,
            "interestIncome": null,
            "netInterestIncome": null,
            "extraordinaryItems": "0.00",
            "nonRecurring": "0.00",
            "otherItems": "0.00",
            "incomeTaxExpense": "1705000000.00",
            "totalRevenue": "25323000000.00",
            "totalOperatingExpenses": "9796000000.00",
            "costOfRevenue": "10590000000.00",
            "totalOtherIncomeExpenseNet": "-10482000000.00",
            "discontinuedOperations": "0.00",
            "netIncomeFromContinuingOps": "0.00",
            "netIncomeApplicableToCommonShares": "3232000000.00",
            "preferredStockAndOtherAdjustments": null
        },
        "2006-06-30": {
            "date": "2006-06-30",
            "filing_date": "2006-08-09",
            "currency_symbol": "USD",
            "researchDevelopment": "0.00",
            "effectOfAccountingCharges": "0.00",
            "incomeBeforeTax": "5211000000.00",
            "minorityInterest": "0.00",
            "netIncome": "3540000000.00",
            "sellingGeneralAdministrative": "5268000000.00",
            "sellingAndMarketingExpenses": "526000000.00",
            "grossProfit": "14447000000.00",
            "reconciledDepreciation": "883000000.00",
            "ebit": "5211000000.00",
            "ebitda": "6094000000.00",
            "depreciationAndAmortization": "883000000.00",
            "nonOperatingIncomeNetOther": null,
            "operatingIncome": "5211000000.00",
            "otherOperatingExpenses": "19168000000.00",
            "interestExpense": "9439000000.00",
            "taxProvision": null,
            "interestIncome": null,
            "netInterestIncome": null,
            "extraordinaryItems": "0.00",
            "nonRecurring": "0.00",
            "otherItems": "0.00",
            "incomeTaxExpense": "1727000000.00",
            "totalRevenue": "24379000000.00",
            "totalOperatingExpenses": "9236000000.00",
            "costOfRevenue": "9932000000.00",
            "totalOtherIncomeExpenseNet": "-9291000000.00",
            "discontinuedOperations": "0.00",
            "netIncomeFromContinuingOps": "0.00",
            "netIncomeApplicableToCommonShares": "3484000000.00",
            "preferredStockAndOtherAdjustments": null
        },
        "2006-03-31": {
            "date": "2006-03-31",
            "filing_date": "2006-05-08",
            "currency_symbol": "USD",
            "researchDevelopment": "0.00",
            "effectOfAccountingCharges": "0.00",
            "incomeBeforeTax": "4653000000.00",
            "minorityInterest": "0.00",
            "netIncome": "3081000000.00",
            "sellingGeneralAdministrative": "5600000000.00",
            "sellingAndMarketingExpenses": "519000000.00",
            "grossProfit": "14405000000.00",
            "reconciledDepreciation": "837000000.00",
            "ebit": "4653000000.00",
            "ebitda": "5490000000.00",
            "depreciationAndAmortization": "837000000.00",
            "nonOperatingIncomeNetOther": null,
            "operatingIncome": "4653000000.00",
            "otherOperatingExpenses": "18824000000.00",
            "interestExpense": "8241000000.00",
            "taxProvision": null,
            "interestIncome": null,
            "netInterestIncome": null,
            "extraordinaryItems": "0.00",
            "nonRecurring": "0.00",
            "otherItems": "0.00",
            "incomeTaxExpense": "1572000000.00",
            "totalRevenue": "23477000000.00",
            "totalOperatingExpenses": "9752000000.00",
            "costOfRevenue": "9072000000.00",
            "totalOtherIncomeExpenseNet": "-9078000000.00",
            "discontinuedOperations": "0.00",
            "netIncomeFromContinuingOps": "0.00",
            "netIncomeApplicableToCommonShares": "3023000000.00",
            "preferredStockAndOtherAdjustments": null
        },
        "2005-12-31": {
            "date": "2005-12-31",
            "filing_date": "2006-03-09",
            "currency_symbol": "USD",
            "researchDevelopment": "0.00",
            "effectOfAccountingCharges": "0.00",
            "incomeBeforeTax": "3919000000.00",
            "minorityInterest": "0.00",
            "netIncome": "2698000000.00",
            "sellingGeneralAdministrative": "4286000000.00",
            "sellingAndMarketingExpenses": "2692000000.00",
            "grossProfit": "12454000000.00",
            "reconciledDepreciation": "1063000000.00",
            "ebit": "3919000000.00",
            "ebitda": "4982000000.00",
            "depreciationAndAmortization": "1063000000.00",
            "nonOperatingIncomeNetOther": null,
            "operatingIncome": "3919000000.00",
            "otherOperatingExpenses": "17190000000.00",
            "interestExpense": "7431000000.00",
            "taxProvision": null,
            "interestIncome": null,
            "netInterestIncome": null,
            "extraordinaryItems": "0.00",
            "nonRecurring": "0.00",
            "otherItems": "0.00",
            "incomeTaxExpense": "1221000000.00",
            "totalRevenue": "21109000000.00",
            "totalOperatingExpenses": "8535000000.00",
            "costOfRevenue": "8655000000.00",
            "totalOtherIncomeExpenseNet": "-7431000000.00",
            "discontinuedOperations": "0.00",
            "netIncomeFromContinuingOps": "0.00",
            "netIncomeApplicableToCommonShares": "2640000000.00",
            "preferredStockAndOtherAdjustments": null
        },
        "2005-09-30": {
            "date": "2005-09-30",
            "filing_date": "2005-11-09",
            "currency_symbol": "USD",
            "researchDevelopment": "0.00",
            "effectOfAccountingCharges": "0.00",
            "incomeBeforeTax": "3661000000.00",
            "minorityInterest": "0.00",
            "netIncome": "2527000000.00",
            "sellingGeneralAdministrative": "4954000000.00",
            "sellingAndMarketingExpenses": "512000000.00",
            "grossProfit": "13020000000.00",
            "reconciledDepreciation": "1034000000.00",
            "ebit": "3661000000.00",
            "ebitda": "4695000000.00",
            "depreciationAndAmortization": "1034000000.00",
            "nonOperatingIncomeNetOther": null,
            "operatingIncome": "3661000000.00",
            "otherOperatingExpenses": "17111000000.00",
            "interestExpense": "6507000000.00",
            "taxProvision": null,
            "interestIncome": null,
            "netInterestIncome": null,
            "extraordinaryItems": "0.00",
            "nonRecurring": "0.00",
            "otherItems": "0.00",
            "incomeTaxExpense": "1192000000.00",
            "totalRevenue": "20772000000.00",
            "totalOperatingExpenses": "9359000000.00",
            "costOfRevenue": "7752000000.00",
            "totalOtherIncomeExpenseNet": "-7617000000.00",
            "discontinuedOperations": "0.00",
            "netIncomeFromContinuingOps": "0.00",
            "netIncomeApplicableToCommonShares": "2466000000.00",
            "preferredStockAndOtherAdjustments": null
        },
        "2005-06-30": {
            "date": "2005-06-30",
            "filing_date": "2005-08-08",
            "currency_symbol": "USD",
            "researchDevelopment": "0.00",
            "effectOfAccountingCharges": "0.00",
            "incomeBeforeTax": "1163000000.00",
            "minorityInterest": "0.00",
            "netIncome": "994000000.00",
            "sellingGeneralAdministrative": "4220000000.00",
            "sellingAndMarketingExpenses": "537000000.00",
            "grossProfit": "11961000000.00",
            "reconciledDepreciation": "1056000000.00",
            "ebit": "1163000000.00",
            "ebitda": "2219000000.00",
            "depreciationAndAmortization": "1056000000.00",
            "nonOperatingIncomeNetOther": null,
            "operatingIncome": "1163000000.00",
            "otherOperatingExpenses": "17269000000.00",
            "interestExpense": "5884000000.00",
            "taxProvision": null,
            "interestIncome": null,
            "netInterestIncome": null,
            "extraordinaryItems": "0.00",
            "nonRecurring": "0.00",
            "otherItems": "0.00",
            "incomeTaxExpense": "226000000.00",
            "totalRevenue": "18432000000.00",
            "totalOperatingExpenses": "10798000000.00",
            "costOfRevenue": "6471000000.00",
            "totalOtherIncomeExpenseNet": "-7004000000.00",
            "discontinuedOperations": "0.00",
            "netIncomeFromContinuingOps": "0.00",
            "netIncomeApplicableToCommonShares": "934000000.00",
            "preferredStockAndOtherAdjustments": null
        },
        "2005-03-31": {
            "date": "2005-03-31",
            "filing_date": "2005-05-05",
            "currency_symbol": "USD",
            "researchDevelopment": "0.00",
            "effectOfAccountingCharges": "0.00",
            "incomeBeforeTax": "3283000000.00",
            "minorityInterest": "0.00",
            "netIncome": "2264000000.00",
            "sellingGeneralAdministrative": "4702000000.00",
            "sellingAndMarketingExpenses": "483000000.00",
            "grossProfit": "13220000000.00",
            "reconciledDepreciation": "1165000000.00",
            "ebit": "3283000000.00",
            "ebitda": "4448000000.00",
            "depreciationAndAmortization": "1165000000.00",
            "nonOperatingIncomeNetOther": null,
            "operatingIncome": "3283000000.00",
            "otherOperatingExpenses": "15771000000.00",
            "interestExpense": "5407000000.00",
            "taxProvision": null,
            "interestIncome": null,
            "netInterestIncome": null,
            "extraordinaryItems": "0.00",
            "nonRecurring": "0.00",
            "otherItems": "0.00",
            "incomeTaxExpense": "1019000000.00",
            "totalRevenue": "19054000000.00",
            "totalOperatingExpenses": "9937000000.00",
            "costOfRevenue": "5834000000.00",
            "totalOtherIncomeExpenseNet": "-5407000000.00",
            "discontinuedOperations": "0.00",
            "netIncomeFromContinuingOps": "0.00",
            "netIncomeApplicableToCommonShares": "2201000000.00",
            "preferredStockAndOtherAdjustments": null
        },
        "2004-12-31": {
            "date": "2004-12-31",
            "filing_date": "2005-03-02",
            "currency_symbol": "USD",
            "researchDevelopment": "0.00",
            "effectOfAccountingCharges": "0.00",
            "incomeBeforeTax": "2407000000.00",
            "minorityInterest": "0.00",
            "netIncome": "1666000000.00",
            "sellingGeneralAdministrative": "4211000000.00",
            "sellingAndMarketingExpenses": "428000000.00",
            "grossProfit": "11793000000.00",
            "reconciledDepreciation": "1231000000.00",
            "ebit": "2407000000.00",
            "ebitda": "3638000000.00",
            "depreciationAndAmortization": "1231000000.00",
            "nonOperatingIncomeNetOther": null,
            "operatingIncome": "2407000000.00",
            "otherOperatingExpenses": "15076000000.00",
            "interestExpense": "4533000000.00",
            "taxProvision": null,
            "interestIncome": null,
            "netInterestIncome": null,
            "extraordinaryItems": "0.00",
            "nonRecurring": "0.00",
            "otherItems": "0.00",
            "incomeTaxExpense": "741000000.00",
            "totalRevenue": "17483000000.00",
            "totalOperatingExpenses": "9386000000.00",
            "costOfRevenue": "5690000000.00",
            "totalOtherIncomeExpenseNet": "-4533000000.00",
            "discontinuedOperations": "0.00",
            "netIncomeFromContinuingOps": "0.00",
            "netIncomeApplicableToCommonShares": "1653000000.00",
            "preferredStockAndOtherAdjustments": null
        },
        "2004-09-30": {
            "date": "2004-09-30",
            "filing_date": "2004-11-09",
            "currency_symbol": "USD",
            "researchDevelopment": "0.00",
            "effectOfAccountingCharges": "0.00",
            "incomeBeforeTax": "1959000000.00",
            "minorityInterest": "0.00",
            "netIncome": "1418000000.00",
            "sellingGeneralAdministrative": "4050000000.00",
            "sellingAndMarketingExpenses": "506000000.00",
            "grossProfit": "11336000000.00",
            "reconciledDepreciation": "1171000000.00",
            "ebit": "1959000000.00",
            "ebitda": "3130000000.00",
            "depreciationAndAmortization": "1171000000.00",
            "nonOperatingIncomeNetOther": null,
            "operatingIncome": "1959000000.00",
            "otherOperatingExpenses": "14587000000.00",
            "interestExpense": "4041000000.00",
            "taxProvision": null,
            "interestIncome": null,
            "netInterestIncome": null,
            "extraordinaryItems": "0.00",
            "nonRecurring": "0.00",
            "otherItems": "0.00",
            "incomeTaxExpense": "541000000.00",
            "totalRevenue": "16546000000.00",
            "totalOperatingExpenses": "9377000000.00",
            "costOfRevenue": "5210000000.00",
            "totalOtherIncomeExpenseNet": "-4041000000.00",
            "discontinuedOperations": "0.00",
            "netIncomeFromContinuingOps": "0.00",
            "netIncomeApplicableToCommonShares": "1405000000.00",
            "preferredStockAndOtherAdjustments": null
        },
        "2004-06-30": {
            "date": "2004-06-30",
            "filing_date": "2004-08-09",
            "currency_symbol": "USD",
            "researchDevelopment": "0.00",
            "effectOfAccountingCharges": "0.00",
            "incomeBeforeTax": "-1075000000.00",
            "minorityInterest": "0.00",
            "netIncome": "-548000000.00",
            "sellingGeneralAdministrative": "2943000000.00",
            "sellingAndMarketingExpenses": "202000000.00",
            "grossProfit": "8428000000.00",
            "reconciledDepreciation": "671000000.00",
            "ebit": "-1075000000.00",
            "ebitda": "-404000000.00",
            "depreciationAndAmortization": "671000000.00",
            "nonOperatingIncomeNetOther": null,
            "operatingIncome": "-1075000000.00",
            "otherOperatingExpenses": "12326000000.00",
            "interestExpense": "2620000000.00",
            "taxProvision": null,
            "interestIncome": null,
            "netInterestIncome": null,
            "extraordinaryItems": "0.00",
            "nonRecurring": "0.00",
            "otherItems": "0.00",
            "incomeTaxExpense": "-527000000.00",
            "totalRevenue": "11251000000.00",
            "totalOperatingExpenses": "9503000000.00",
            "costOfRevenue": "2823000000.00",
            "totalOtherIncomeExpenseNet": "-2628000000.00",
            "discontinuedOperations": "0.00",
            "netIncomeFromContinuingOps": "0.00",
            "netIncomeApplicableToCommonShares": "-1917000000.00",
            "preferredStockAndOtherAdjustments": null
        },
        "2004-03-31": {
            "date": "2004-03-31",
            "filing_date": "2004-05-10",
            "currency_symbol": "USD",
            "researchDevelopment": "0.00",
            "effectOfAccountingCharges": "0.00",
            "incomeBeforeTax": "2903000000.00",
            "minorityInterest": "0.00",
            "netIncome": "1930000000.00",
            "sellingGeneralAdministrative": "3370000000.00",
            "sellingAndMarketingExpenses": "199000000.00",
            "grossProfit": "8962000000.00",
            "reconciledDepreciation": "762000000.00",
            "ebit": "2903000000.00",
            "ebitda": "3665000000.00",
            "depreciationAndAmortization": "762000000.00",
            "nonOperatingIncomeNetOther": null,
            "operatingIncome": "2903000000.00",
            "otherOperatingExpenses": "8722000000.00",
            "interestExpense": "2648000000.00",
            "taxProvision": null,
            "interestIncome": null,
            "netInterestIncome": null,
            "extraordinaryItems": "0.00",
            "nonRecurring": "0.00",
            "otherItems": "0.00",
            "incomeTaxExpense": "973000000.00",
            "totalRevenue": "11625000000.00",
            "totalOperatingExpenses": "6059000000.00",
            "costOfRevenue": "2663000000.00",
            "totalOtherIncomeExpenseNet": "-2648000000.00",
            "discontinuedOperations": "0.00",
            "netIncomeFromContinuingOps": "0.00",
            "netIncomeApplicableToCommonShares": "1917000000.00",
            "preferredStockAndOtherAdjustments": null
        },
        "2003-12-31": {
            "date": "2003-12-31",
            "filing_date": "2004-02-18",
            "currency_symbol": "USD",
            "researchDevelopment": "0.00",
            "effectOfAccountingCharges": "0.00",
            "incomeBeforeTax": "2709000000.00",
            "minorityInterest": "0.00",
            "netIncome": "1864000000.00",
            "sellingGeneralAdministrative": "2577000000.00",
            "sellingAndMarketingExpenses": "200000000.00",
            "grossProfit": "7929000000.00",
            "reconciledDepreciation": "761000000.00",
            "ebit": "2709000000.00",
            "ebitda": "3470000000.00",
            "depreciationAndAmortization": "761000000.00",
            "nonOperatingIncomeNetOther": null,
            "operatingIncome": "2709000000.00",
            "otherOperatingExpenses": "7962000000.00",
            "interestExpense": "2603000000.00",
            "taxProvision": null,
            "interestIncome": null,
            "netInterestIncome": null,
            "extraordinaryItems": "0.00",
            "nonRecurring": "0.00",
            "otherItems": "0.00",
            "incomeTaxExpense": "845000000.00",
            "totalRevenue": "10671000000.00",
            "totalOperatingExpenses": "5220000000.00",
            "costOfRevenue": "2742000000.00",
            "totalOtherIncomeExpenseNet": "-2603000000.00",
            "discontinuedOperations": "0.00",
            "netIncomeFromContinuingOps": "0.00",
            "netIncomeApplicableToCommonShares": "1851000000.00",
            "preferredStockAndOtherAdjustments": null
        },
        "2003-09-30": {
            "date": "2003-09-30",
            "filing_date": "2003-11-12",
            "currency_symbol": "USD",
            "researchDevelopment": "0.00",
            "effectOfAccountingCharges": "0.00",
            "incomeBeforeTax": "2430000000.00",
            "minorityInterest": "0.00",
            "netIncome": "1628000000.00",
            "sellingGeneralAdministrative": "2713000000.00",
            "sellingAndMarketingExpenses": "179000000.00",
            "grossProfit": "7525000000.00",
            "reconciledDepreciation": "190000000.00",
            "ebit": "2430000000.00",
            "ebitda": "2620000000.00",
            "depreciationAndAmortization": "190000000.00",
            "nonOperatingIncomeNetOther": null,
            "operatingIncome": "2430000000.00",
            "otherOperatingExpenses": "7966000000.00",
            "interestExpense": "2648000000.00",
            "taxProvision": null,
            "interestIncome": null,
            "netInterestIncome": null,
            "extraordinaryItems": "0.00",
            "nonRecurring": "0.00",
            "otherItems": "0.00",
            "incomeTaxExpense": "802000000.00",
            "totalRevenue": "10396000000.00",
            "totalOperatingExpenses": "5095000000.00",
            "costOfRevenue": "2871000000.00",
            "totalOtherIncomeExpenseNet": "-2648000000.00",
            "discontinuedOperations": "0.00",
            "netIncomeFromContinuingOps": "0.00",
            "netIncomeApplicableToCommonShares": "1616000000.00",
            "preferredStockAndOtherAdjustments": null
        },
        "2003-06-30": {
            "date": "2003-06-30",
            "filing_date": "2003-08-12",
            "currency_symbol": "USD",
            "researchDevelopment": "0.00",
            "effectOfAccountingCharges": "0.00",
            "incomeBeforeTax": "2767000000.00",
            "minorityInterest": "0.00",
            "netIncome": "1827000000.00",
            "sellingGeneralAdministrative": "3231000000.00",
            "sellingAndMarketingExpenses": "167000000.00",
            "grossProfit": "8599000000.00",
            "reconciledDepreciation": "1090000000.00",
            "ebit": "2767000000.00",
            "ebitda": "3857000000.00",
            "depreciationAndAmortization": "1090000000.00",
            "nonOperatingIncomeNetOther": null,
            "operatingIncome": "2767000000.00",
            "otherOperatingExpenses": "9075000000.00",
            "interestExpense": "2808000000.00",
            "taxProvision": null,
            "interestIncome": null,
            "netInterestIncome": null,
            "extraordinaryItems": "0.00",
            "nonRecurring": "0.00",
            "otherItems": "0.00",
            "incomeTaxExpense": "940000000.00",
            "totalRevenue": "11842000000.00",
            "totalOperatingExpenses": "5832000000.00",
            "costOfRevenue": "3243000000.00",
            "totalOtherIncomeExpenseNet": "-2808000000.00",
            "discontinuedOperations": "0.00",
            "netIncomeFromContinuingOps": "0.00",
            "netIncomeApplicableToCommonShares": "1814000000.00",
            "preferredStockAndOtherAdjustments": null
        },
        "2003-03-31": {
            "date": "2003-03-31",
            "filing_date": "2003-05-14",
            "currency_symbol": "USD",
            "researchDevelopment": "0.00",
            "effectOfAccountingCharges": "0.00",
            "incomeBeforeTax": "2122000000.00",
            "minorityInterest": "0.00",
            "netIncome": "1400000000.00",
            "sellingGeneralAdministrative": "3174000000.00",
            "sellingAndMarketingExpenses": "164000000.00",
            "grossProfit": "7663000000.00",
            "reconciledDepreciation": "1060000000.00",
            "ebit": "2122000000.00",
            "ebitda": "3182000000.00",
            "depreciationAndAmortization": "1060000000.00",
            "nonOperatingIncomeNetOther": null,
            "operatingIncome": "2122000000.00",
            "otherOperatingExpenses": "9332000000.00",
            "interestExpense": "3048000000.00",
            "taxProvision": null,
            "interestIncome": null,
            "netInterestIncome": null,
            "extraordinaryItems": "0.00",
            "nonRecurring": "0.00",
            "otherItems": "0.00",
            "incomeTaxExpense": "722000000.00",
            "totalRevenue": "11454000000.00",
            "totalOperatingExpenses": "5541000000.00",
            "costOfRevenue": "3791000000.00",
            "totalOtherIncomeExpenseNet": "-3048000000.00",
            "discontinuedOperations": "0.00",
            "netIncomeFromContinuingOps": "0.00",
            "netIncomeApplicableToCommonShares": "1387000000.00",
            "preferredStockAndOtherAdjustments": null
        },
        "2002-12-31": {
            "date": "2002-12-31",
            "filing_date": "2003-03-19",
            "currency_symbol": "USD",
            "researchDevelopment": "0.00",
            "effectOfAccountingCharges": "0.00",
            "incomeBeforeTax": "-587000000.00",
            "minorityInterest": "0.00",
            "netIncome": "-387000000.00",
            "sellingGeneralAdministrative": "3032000000.00",
            "sellingAndMarketingExpenses": "220000000.00",
            "grossProfit": "6574000000.00",
            "reconciledDepreciation": "1438000000.00",
            "ebit": "-587000000.00",
            "ebitda": "851000000.00",
            "depreciationAndAmortization": "1438000000.00",
            "nonOperatingIncomeNetOther": null,
            "operatingIncome": "-587000000.00",
            "otherOperatingExpenses": "11285000000.00",
            "interestExpense": "3203000000.00",
            "taxProvision": null,
            "interestIncome": null,
            "netInterestIncome": null,
            "extraordinaryItems": "0.00",
            "nonRecurring": "0.00",
            "otherItems": "0.00",
            "incomeTaxExpense": "-200000000.00",
            "totalRevenue": "10698000000.00",
            "totalOperatingExpenses": "7161000000.00",
            "costOfRevenue": "4124000000.00",
            "totalOtherIncomeExpenseNet": "-3203000000.00",
            "discontinuedOperations": "0.00",
            "netIncomeFromContinuingOps": "0.00",
            "netIncomeApplicableToCommonShares": "1585000000.00",
            "preferredStockAndOtherAdjustments": null
        },
        "2002-09-30": {
            "date": "2002-09-30",
            "filing_date": "2002-11-14",
            "currency_symbol": "USD",
            "researchDevelopment": "0.00",
            "effectOfAccountingCharges": "0.00",
            "incomeBeforeTax": "60000000.00",
            "minorityInterest": "0.00",
            "netIncome": "40000000.00",
            "sellingGeneralAdministrative": "2367000000.00",
            "sellingAndMarketingExpenses": "179000000.00",
            "grossProfit": "5111000000.00",
            "reconciledDepreciation": "529000000.00",
            "ebit": "60000000.00",
            "ebitda": "589000000.00",
            "depreciationAndAmortization": "529000000.00",
            "nonOperatingIncomeNetOther": null,
            "operatingIncome": "60000000.00",
            "otherOperatingExpenses": "10467000000.00",
            "interestExpense": "3580000000.00",
            "taxProvision": null,
            "interestIncome": null,
            "netInterestIncome": null,
            "extraordinaryItems": "0.00",
            "nonRecurring": "0.00",
            "otherItems": "0.00",
            "incomeTaxExpense": "20000000.00",
            "totalRevenue": "10527000000.00",
            "totalOperatingExpenses": "5051000000.00",
            "costOfRevenue": "5416000000.00",
            "totalOtherIncomeExpenseNet": "-3580000000.00",
            "discontinuedOperations": "0.00",
            "netIncomeFromContinuingOps": "0.00",
            "netIncomeApplicableToCommonShares": "27000000.00",
            "preferredStockAndOtherAdjustments": null
        },
        "2002-06-30": {
            "date": "2002-06-30",
            "filing_date": "2002-08-12",
            "currency_symbol": "USD",
            "researchDevelopment": "0.00",
            "effectOfAccountingCharges": "0.00",
            "incomeBeforeTax": "1559000000.00",
            "minorityInterest": "0.00",
            "netIncome": "1028000000.00",
            "sellingGeneralAdministrative": "2761000000.00",
            "sellingAndMarketingExpenses": "144000000.00",
            "grossProfit": "6753000000.00",
            "reconciledDepreciation": "828000000.00",
            "ebit": "1559000000.00",
            "ebitda": "2387000000.00",
            "depreciationAndAmortization": "828000000.00",
            "nonOperatingIncomeNetOther": null,
            "operatingIncome": "1559000000.00",
            "otherOperatingExpenses": "9631000000.00",
            "interestExpense": "3616000000.00",
            "taxProvision": null,
            "interestIncome": null,
            "netInterestIncome": null,
            "extraordinaryItems": "0.00",
            "nonRecurring": "0.00",
            "otherItems": "0.00",
            "incomeTaxExpense": "531000000.00",
            "totalRevenue": "11190000000.00",
            "totalOperatingExpenses": "5194000000.00",
            "costOfRevenue": "4437000000.00",
            "totalOtherIncomeExpenseNet": "-3616000000.00",
            "discontinuedOperations": "0.00",
            "netIncomeFromContinuingOps": "0.00",
            "netIncomeApplicableToCommonShares": "1015000000.00",
            "preferredStockAndOtherAdjustments": null
        },
        "2002-03-31": {
            "date": "2002-03-31",
            "filing_date": "2002-05-15",
            "currency_symbol": "USD",
            "researchDevelopment": "0.00",
            "effectOfAccountingCharges": "0.00",
            "incomeBeforeTax": "1487000000.00",
            "minorityInterest": "0.00",
            "netIncome": "982000000.00",
            "sellingGeneralAdministrative": "2823000000.00",
            "sellingAndMarketingExpenses": "146000000.00",
            "grossProfit": "6845000000.00",
            "reconciledDepreciation": "797000000.00",
            "ebit": "1487000000.00",
            "ebitda": "2118000000.00",
            "depreciationAndAmortization": "631000000.00",
            "nonOperatingIncomeNetOther": null,
            "operatingIncome": "1487000000.00",
            "otherOperatingExpenses": "9470000000.00",
            "interestExpense": "3359000000.00",
            "taxProvision": null,
            "interestIncome": null,
            "netInterestIncome": null,
            "extraordinaryItems": "0.00",
            "nonRecurring": "0.00",
            "otherItems": "0.00",
            "incomeTaxExpense": "505000000.00",
            "totalRevenue": "10957000000.00",
            "totalOperatingExpenses": "5358000000.00",
            "costOfRevenue": "4112000000.00",
            "totalOtherIncomeExpenseNet": "-3359000000.00",
            "discontinuedOperations": "0.00",
            "netIncomeFromContinuingOps": "0.00",
            "netIncomeApplicableToCommonShares": "969000000.00",
            "preferredStockAndOtherAdjustments": null
        },
        "2001-12-31": {
            "date": "2001-12-31",
            "filing_date": "2002-03-22",
            "currency_symbol": "USD",
            "researchDevelopment": "0.00",
            "effectOfAccountingCharges": "0.00",
            "incomeBeforeTax": "-568000000.00",
            "minorityInterest": "0.00",
            "netIncome": "-332000000.00",
            "sellingGeneralAdministrative": "2652000000.00",
            "sellingAndMarketingExpenses": "179000000.00",
            "grossProfit": "5109000000.00",
            "reconciledDepreciation": "797000000.00",
            "ebit": "-568000000.00",
            "ebitda": "229000000.00",
            "depreciationAndAmortization": "797000000.00",
            "nonOperatingIncomeNetOther": null,
            "operatingIncome": "-568000000.00",
            "otherOperatingExpenses": "11024000000.00",
            "interestExpense": "3879000000.00",
            "taxProvision": null,
            "interestIncome": null,
            "netInterestIncome": null,
            "extraordinaryItems": "0.00",
            "nonRecurring": "0.00",
            "otherItems": "0.00",
            "incomeTaxExpense": "-236000000.00",
            "totalRevenue": "10456000000.00",
            "totalOperatingExpenses": "5677000000.00",
            "costOfRevenue": "5347000000.00",
            "totalOtherIncomeExpenseNet": "-4676000000.00",
            "discontinuedOperations": "0.00",
            "netIncomeFromContinuingOps": "0.00",
            "netIncomeApplicableToCommonShares": "1217000000.00",
            "preferredStockAndOtherAdjustments": null
        },
        "2001-09-30": {
            "date": "2001-09-30",
            "filing_date": "2001-11-14",
            "currency_symbol": "USD",
            "researchDevelopment": "0.00",
            "effectOfAccountingCharges": "0.00",
            "incomeBeforeTax": "669000000.00",
            "minorityInterest": "0.00",
            "netIncome": "449000000.00",
            "sellingGeneralAdministrative": "2883000000.00",
            "sellingAndMarketingExpenses": "137000000.00",
            "grossProfit": "6604000000.00",
            "reconciledDepreciation": "713000000.00",
            "ebit": "669000000.00",
            "ebitda": "1382000000.00",
            "depreciationAndAmortization": "713000000.00",
            "nonOperatingIncomeNetOther": null,
            "operatingIncome": "669000000.00",
            "otherOperatingExpenses": "11730000000.00",
            "interestExpense": "5050000000.00",
            "taxProvision": null,
            "interestIncome": null,
            "netInterestIncome": null,
            "extraordinaryItems": "0.00",
            "nonRecurring": "0.00",
            "otherItems": "0.00",
            "incomeTaxExpense": "220000000.00",
            "totalRevenue": "12399000000.00",
            "totalOperatingExpenses": "5935000000.00",
            "costOfRevenue": "5795000000.00",
            "totalOtherIncomeExpenseNet": "-5050000000.00",
            "discontinuedOperations": "0.00",
            "netIncomeFromContinuingOps": "0.00",
            "netIncomeApplicableToCommonShares": "436000000.00",
            "preferredStockAndOtherAdjustments": null
        },
        "2001-06-30": {
            "date": "2001-06-30",
            "filing_date": "2001-08-14",
            "currency_symbol": "USD",
            "researchDevelopment": "0.00",
            "effectOfAccountingCharges": "0.00",
            "incomeBeforeTax": "585000000.00",
            "minorityInterest": "0.00",
            "netIncome": "378000000.00",
            "sellingGeneralAdministrative": "3052000000.00",
            "sellingAndMarketingExpenses": "144000000.00",
            "grossProfit": "6346000000.00",
            "reconciledDepreciation": "651000000.00",
            "ebit": "585000000.00",
            "ebitda": "1236000000.00",
            "depreciationAndAmortization": "651000000.00",
            "nonOperatingIncomeNetOther": null,
            "operatingIncome": "585000000.00",
            "otherOperatingExpenses": "11974000000.00",
            "interestExpense": "5688000000.00",
            "taxProvision": null,
            "interestIncome": null,
            "netInterestIncome": null,
            "extraordinaryItems": "0.00",
            "nonRecurring": "0.00",
            "otherItems": "0.00",
            "incomeTaxExpense": "207000000.00",
            "totalRevenue": "12559000000.00",
            "totalOperatingExpenses": "5761000000.00",
            "costOfRevenue": "6213000000.00",
            "totalOtherIncomeExpenseNet": "-5688000000.00",
            "discontinuedOperations": "0.00",
            "netIncomeFromContinuingOps": "0.00",
            "netIncomeApplicableToCommonShares": "359000000.00",
            "preferredStockAndOtherAdjustments": null
        },
        "2001-03-31": {
            "date": "2001-03-31",
            "filing_date": "2001-05-15",
            "currency_symbol": "USD",
            "researchDevelopment": "0.00",
            "effectOfAccountingCharges": "0.00",
            "incomeBeforeTax": "1880000000.00",
            "minorityInterest": "0.00",
            "netIncome": "1199000000.00",
            "sellingGeneralAdministrative": "3336000000.00",
            "sellingAndMarketingExpenses": "141000000.00",
            "grossProfit": "7878000000.00",
            "reconciledDepreciation": "730000000.00",
            "ebit": "1880000000.00",
            "ebitda": "2610000000.00",
            "depreciationAndAmortization": "730000000.00",
            "nonOperatingIncomeNetOther": null,
            "operatingIncome": "1880000000.00",
            "otherOperatingExpenses": "13207000000.00",
            "interestExpense": "6762000000.00",
            "taxProvision": null,
            "interestIncome": null,
            "netInterestIncome": null,
            "extraordinaryItems": "0.00",
            "nonRecurring": "0.00",
            "otherItems": "0.00",
            "incomeTaxExpense": "656000000.00",
            "totalRevenue": "15087000000.00",
            "totalOperatingExpenses": "5998000000.00",
            "costOfRevenue": "7209000000.00",
            "totalOtherIncomeExpenseNet": "-7467000000.00",
            "discontinuedOperations": "0.00",
            "netIncomeFromContinuingOps": "0.00",
            "netIncomeApplicableToCommonShares": "1203000000.00",
            "preferredStockAndOtherAdjustments": null
        },
        "2000-12-31": {
            "date": "2000-12-31",
            "filing_date": "2001-03-22",
            "currency_symbol": "USD",
            "researchDevelopment": "0.00",
            "effectOfAccountingCharges": "0.00",
            "incomeBeforeTax": "3603000000.00",
            "minorityInterest": "0.00",
            "netIncome": "2392000000.00",
            "sellingGeneralAdministrative": "6825000000.00",
            "sellingAndMarketingExpenses": "228000000.00",
            "grossProfit": "15795000000.00",
            "reconciledDepreciation": "1325000000.00",
            "ebit": "3603000000.00",
            "ebitda": "4928000000.00",
            "depreciationAndAmortization": "1325000000.00",
            "nonOperatingIncomeNetOther": null,
            "operatingIncome": "3603000000.00",
            "otherOperatingExpenses": "28498000000.00",
            "interestExpense": "15908000000.00",
            "taxProvision": null,
            "interestIncome": null,
            "netInterestIncome": null,
            "extraordinaryItems": "0.00",
            "nonRecurring": "0.00",
            "otherItems": "0.00",
            "incomeTaxExpense": "1211000000.00",
            "totalRevenue": "32101000000.00",
            "totalOperatingExpenses": "12192000000.00",
            "costOfRevenue": "16306000000.00",
            "totalOtherIncomeExpenseNet": "-17233000000.00",
            "discontinuedOperations": "0.00",
            "netIncomeFromContinuingOps": "0.00",
            "netIncomeApplicableToCommonShares": "689000000.00",
            "preferredStockAndOtherAdjustments": null
        },
        "2000-09-30": {
            "date": "2000-09-30",
            "filing_date": "2000-11-14",
            "currency_symbol": "USD",
            "researchDevelopment": "0.00",
            "effectOfAccountingCharges": "0.00",
            "incomeBeforeTax": "2073000000.00",
            "minorityInterest": "0.00",
            "netIncome": "1398000000.00",
            "sellingGeneralAdministrative": "3135000000.00",
            "sellingAndMarketingExpenses": "146000000.00",
            "grossProfit": "7425000000.00",
            "reconciledDepreciation": "445000000.00",
            "ebit": "2073000000.00",
            "ebitda": "2324000000.00",
            "depreciationAndAmortization": "251000000.00",
            "nonOperatingIncomeNetOther": null,
            "operatingIncome": "2073000000.00",
            "otherOperatingExpenses": "12730000000.00",
            "interestExpense": "7080000000.00",
            "taxProvision": null,
            "interestIncome": null,
            "netInterestIncome": null,
            "extraordinaryItems": "0.00",
            "nonRecurring": "0.00",
            "otherItems": "0.00",
            "incomeTaxExpense": "675000000.00",
            "totalRevenue": "14803000000.00",
            "totalOperatingExpenses": "5352000000.00",
            "costOfRevenue": "7378000000.00",
            "totalOtherIncomeExpenseNet": "-4327000000.00",
            "discontinuedOperations": "0.00",
            "netIncomeFromContinuingOps": "0.00",
            "netIncomeApplicableToCommonShares": "1372000000.00",
            "preferredStockAndOtherAdjustments": null
        },
        "2000-06-30": {
            "date": "2000-06-30",
            "filing_date": "2000-08-14",
            "currency_symbol": "USD",
            "researchDevelopment": "0.00",
            "effectOfAccountingCharges": "0.00",
            "incomeBeforeTax": "2496000000.00",
            "minorityInterest": "0.00",
            "netIncome": "1633000000.00",
            "sellingGeneralAdministrative": "2963000000.00",
            "sellingAndMarketingExpenses": "144000000.00",
            "grossProfit": "7571000000.00",
            "reconciledDepreciation": "389000000.00",
            "ebit": "2496000000.00",
            "ebitda": "3216000000.00",
            "depreciationAndAmortization": "720000000.00",
            "nonOperatingIncomeNetOther": null,
            "operatingIncome": "2496000000.00",
            "otherOperatingExpenses": "11967000000.00",
            "interestExpense": "6564000000.00",
            "taxProvision": null,
            "interestIncome": null,
            "netInterestIncome": null,
            "extraordinaryItems": "0.00",
            "nonRecurring": "0.00",
            "otherItems": "0.00",
            "incomeTaxExpense": "863000000.00",
            "totalRevenue": "14463000000.00",
            "totalOperatingExpenses": "5075000000.00",
            "costOfRevenue": "6892000000.00",
            "totalOtherIncomeExpenseNet": "-4419000000.00",
            "discontinuedOperations": "0.00",
            "netIncomeFromContinuingOps": "0.00",
            "netIncomeApplicableToCommonShares": "1607000000.00",
            "preferredStockAndOtherAdjustments": null
        },
        "2000-03-31": {
            "date": "2000-03-31",
            "filing_date": "2000-05-15",
            "currency_symbol": "USD",
            "researchDevelopment": "0.00",
            "effectOfAccountingCharges": "0.00",
            "incomeBeforeTax": "3074000000.00",
            "minorityInterest": "0.00",
            "netIncome": "1988000000.00",
            "sellingGeneralAdministrative": "3340000000.00",
            "sellingAndMarketingExpenses": "117000000.00",
            "grossProfit": "8427000000.00",
            "reconciledDepreciation": "386000000.00",
            "ebit": "3074000000.00",
            "ebitda": "3467000000.00",
            "depreciationAndAmortization": "393000000.00",
            "nonOperatingIncomeNetOther": null,
            "operatingIncome": "3074000000.00",
            "otherOperatingExpenses": "11721000000.00",
            "interestExpense": "6026000000.00",
            "taxProvision": null,
            "interestIncome": null,
            "netInterestIncome": null,
            "extraordinaryItems": "0.00",
            "nonRecurring": "0.00",
            "otherItems": "0.00",
            "incomeTaxExpense": "1086000000.00",
            "totalRevenue": "14795000000.00",
            "totalOperatingExpenses": "5353000000.00",
            "costOfRevenue": "6368000000.00",
            "totalOtherIncomeExpenseNet": "-3841000000.00",
            "discontinuedOperations": "0.00",
            "netIncomeFromContinuingOps": "0.00",
            "netIncomeApplicableToCommonShares": "1963000000.00",
            "preferredStockAndOtherAdjustments": null
        },
        "1999-12-31": {
            "date": "1999-12-31",
            "filing_date": "2000-03-13",
            "currency_symbol": "USD",
            "researchDevelopment": null,
            "effectOfAccountingCharges": null,
            "incomeBeforeTax": "2585000000.00",
            "minorityInterest": null,
            "netIncome": "1693000000.00",
            "sellingGeneralAdministrative": "1694000000.00",
            "sellingAndMarketingExpenses": "103000000.00",
            "grossProfit": "5812000000.00",
            "reconciledDepreciation": "375000000.00",
            "ebit": "2585000000.00",
            "ebitda": "2960000000.00",
            "depreciationAndAmortization": "375000000.00",
            "nonOperatingIncomeNetOther": null,
            "operatingIncome": "2585000000.00",
            "otherOperatingExpenses": "6797000000.00",
            "interestExpense": "3116000000.00",
            "taxProvision": null,
            "interestIncome": null,
            "netInterestIncome": null,
            "extraordinaryItems": null,
            "nonRecurring": null,
            "otherItems": null,
            "incomeTaxExpense": "892000000.00",
            "totalRevenue": "9382000000.00",
            "totalOperatingExpenses": "3227000000.00",
            "costOfRevenue": "3570000000.00",
            "totalOtherIncomeExpenseNet": "-3116000000.00",
            "discontinuedOperations": null,
            "netIncomeFromContinuingOps": null,
            "netIncomeApplicableToCommonShares": null,
            "preferredStockAndOtherAdjustments": null
        },
        "1999-09-30": {
            "date": "1999-09-30",
            "filing_date": "1999-11-08",
            "currency_symbol": "USD",
            "researchDevelopment": null,
            "effectOfAccountingCharges": null,
            "incomeBeforeTax": "1812000000.00",
            "minorityInterest": null,
            "netIncome": "1187000000.00",
            "sellingGeneralAdministrative": "1655000000.00",
            "sellingAndMarketingExpenses": "128000000.00",
            "grossProfit": "4793000000.00",
            "reconciledDepreciation": "336000000.00",
            "ebit": "1812000000.00",
            "ebitda": "2148000000.00",
            "depreciationAndAmortization": "336000000.00",
            "nonOperatingIncomeNetOther": null,
            "operatingIncome": "1812000000.00",
            "otherOperatingExpenses": "6205000000.00",
            "interestExpense": "2826000000.00",
            "taxProvision": null,
            "interestIncome": null,
            "netInterestIncome": null,
            "extraordinaryItems": null,
            "nonRecurring": null,
            "otherItems": null,
            "incomeTaxExpense": "625000000.00",
            "totalRevenue": "8017000000.00",
            "totalOperatingExpenses": "2981000000.00",
            "costOfRevenue": "3224000000.00",
            "totalOtherIncomeExpenseNet": "-2826000000.00",
            "discontinuedOperations": null,
            "netIncomeFromContinuingOps": null,
            "netIncomeApplicableToCommonShares": null,
            "preferredStockAndOtherAdjustments": null
        },
        "1999-06-30": {
            "date": "1999-06-30",
            "filing_date": "1999-08-16",
            "currency_symbol": "USD",
            "researchDevelopment": null,
            "effectOfAccountingCharges": null,
            "incomeBeforeTax": "2160000000.00",
            "minorityInterest": null,
            "netIncome": "1393000000.00",
            "sellingGeneralAdministrative": "1654000000.00",
            "sellingAndMarketingExpenses": "114000000.00",
            "grossProfit": "5228000000.00",
            "reconciledDepreciation": "352000000.00",
            "ebit": "2160000000.00",
            "ebitda": "2512000000.00",
            "depreciationAndAmortization": "352000000.00",
            "nonOperatingIncomeNetOther": null,
            "operatingIncome": "2160000000.00",
            "otherOperatingExpenses": "6184000000.00",
            "interestExpense": "2728000000.00",
            "taxProvision": null,
            "interestIncome": null,
            "netInterestIncome": null,
            "extraordinaryItems": null,
            "nonRecurring": null,
            "otherItems": null,
            "incomeTaxExpense": "767000000.00",
            "totalRevenue": "8344000000.00",
            "totalOperatingExpenses": "3068000000.00",
            "costOfRevenue": "3116000000.00",
            "totalOtherIncomeExpenseNet": "-2728000000.00",
            "discontinuedOperations": null,
            "netIncomeFromContinuingOps": null,
            "netIncomeApplicableToCommonShares": null,
            "preferredStockAndOtherAdjustments": null
        },
        "1999-03-31": {
            "date": "1999-03-31",
            "filing_date": "1999-05-17",
            "currency_symbol": "USD",
            "researchDevelopment": null,
            "effectOfAccountingCharges": null,
            "incomeBeforeTax": "1818000000.00",
            "minorityInterest": null,
            "netIncome": "1173000000.00",
            "sellingGeneralAdministrative": "1639000000.00",
            "sellingAndMarketingExpenses": "114000000.00",
            "grossProfit": "4763000000.00",
            "reconciledDepreciation": "340000000.00",
            "ebit": "1818000000.00",
            "ebitda": "2158000000.00",
            "depreciationAndAmortization": "340000000.00",
            "nonOperatingIncomeNetOther": null,
            "operatingIncome": "1818000000.00",
            "otherOperatingExpenses": "6149000000.00",
            "interestExpense": "2823000000.00",
            "taxProvision": null,
            "interestIncome": null,
            "netInterestIncome": null,
            "extraordinaryItems": null,
            "nonRecurring": null,
            "otherItems": null,
            "incomeTaxExpense": "645000000.00",
            "totalRevenue": "7967000000.00",
            "totalOperatingExpenses": "2945000000.00",
            "costOfRevenue": "3204000000.00",
            "totalOtherIncomeExpenseNet": "-2823000000.00",
            "discontinuedOperations": null,
            "netIncomeFromContinuingOps": null,
            "netIncomeApplicableToCommonShares": null,
            "preferredStockAndOtherAdjustments": null
        },
        "1998-12-31": {
            "date": "1998-12-31",
            "filing_date": "1999-03-11",
            "currency_symbol": "USD",
            "researchDevelopment": null,
            "effectOfAccountingCharges": null,
            "incomeBeforeTax": "1776000000.00",
            "minorityInterest": null,
            "netIncome": "1146000000.00",
            "sellingGeneralAdministrative": "1490000000.00",
            "sellingAndMarketingExpenses": null,
            "grossProfit": "4860000000.00",
            "reconciledDepreciation": "334000000.00",
            "ebit": "1776000000.00",
            "ebitda": "2110000000.00",
            "depreciationAndAmortization": "334000000.00",
            "nonOperatingIncomeNetOther": null,
            "operatingIncome": "1776000000.00",
            "otherOperatingExpenses": "6571000000.00",
            "interestExpense": "3281000000.00",
            "taxProvision": null,
            "interestIncome": null,
            "netInterestIncome": null,
            "extraordinaryItems": null,
            "nonRecurring": null,
            "otherItems": null,
            "incomeTaxExpense": "630000000.00",
            "totalRevenue": "8347000000.00",
            "totalOperatingExpenses": "3084000000.00",
            "costOfRevenue": "3487000000.00",
            "totalOtherIncomeExpenseNet": "-3281000000.00",
            "discontinuedOperations": null,
            "netIncomeFromContinuingOps": null,
            "netIncomeApplicableToCommonShares": null,
            "preferredStockAndOtherAdjustments": null
        },
        "1998-09-30": {
            "date": "1998-09-30",
            "filing_date": "1998-11-16",
            "currency_symbol": "USD",
            "researchDevelopment": null,
            "effectOfAccountingCharges": null,
            "incomeBeforeTax": "1299000000.00",
            "minorityInterest": null,
            "netIncome": "837000000.00",
            "sellingGeneralAdministrative": "1426000000.00",
            "sellingAndMarketingExpenses": null,
            "grossProfit": "3946000000.00",
            "reconciledDepreciation": "278000000.00",
            "ebit": "1299000000.00",
            "ebitda": "1577000000.00",
            "depreciationAndAmortization": "278000000.00",
            "nonOperatingIncomeNetOther": null,
            "operatingIncome": "1299000000.00",
            "otherOperatingExpenses": "6145000000.00",
            "interestExpense": "3226000000.00",
            "taxProvision": null,
            "interestIncome": null,
            "netInterestIncome": null,
            "extraordinaryItems": null,
            "nonRecurring": null,
            "otherItems": null,
            "incomeTaxExpense": "462000000.00",
            "totalRevenue": "7444000000.00",
            "totalOperatingExpenses": "2647000000.00",
            "costOfRevenue": "3498000000.00",
            "totalOtherIncomeExpenseNet": "-3504000000.00",
            "discontinuedOperations": null,
            "netIncomeFromContinuingOps": null,
            "netIncomeApplicableToCommonShares": null,
            "preferredStockAndOtherAdjustments": null
        },
        "1998-06-30": {
            "date": "1998-06-30",
            "filing_date": "1998-08-14",
            "currency_symbol": "USD",
            "researchDevelopment": null,
            "effectOfAccountingCharges": null,
            "incomeBeforeTax": "1705000000.00",
            "minorityInterest": null,
            "netIncome": "1074000000.00",
            "sellingGeneralAdministrative": "1485000000.00",
            "sellingAndMarketingExpenses": null,
            "grossProfit": "4427000000.00",
            "reconciledDepreciation": "316000000.00",
            "ebit": "1705000000.00",
            "ebitda": "2021000000.00",
            "depreciationAndAmortization": "316000000.00",
            "nonOperatingIncomeNetOther": null,
            "operatingIncome": "1705000000.00",
            "otherOperatingExpenses": "6637000000.00",
            "interestExpense": "3587000000.00",
            "taxProvision": null,
            "interestIncome": null,
            "netInterestIncome": null,
            "extraordinaryItems": null,
            "nonRecurring": null,
            "otherItems": null,
            "incomeTaxExpense": "631000000.00",
            "totalRevenue": "8342000000.00",
            "totalOperatingExpenses": "2722000000.00",
            "costOfRevenue": "3915000000.00",
            "totalOtherIncomeExpenseNet": "-3903000000.00",
            "discontinuedOperations": null,
            "netIncomeFromContinuingOps": null,
            "netIncomeApplicableToCommonShares": null,
            "preferredStockAndOtherAdjustments": null
        },
        "1998-03-31": {
            "date": "1998-03-31",
            "filing_date": "1998-05-15",
            "currency_symbol": "USD",
            "researchDevelopment": null,
            "effectOfAccountingCharges": null,
            "incomeBeforeTax": "1150000000.00",
            "minorityInterest": null,
            "netIncome": "725000000.00",
            "sellingGeneralAdministrative": "1478000000.00",
            "sellingAndMarketingExpenses": null,
            "grossProfit": "4291000000.00",
            "reconciledDepreciation": "242000000.00",
            "ebit": "1150000000.00",
            "ebitda": "1392000000.00",
            "depreciationAndAmortization": "242000000.00",
            "nonOperatingIncomeNetOther": null,
            "operatingIncome": "1150000000.00",
            "otherOperatingExpenses": "7102000000.00",
            "interestExpense": "3629000000.00",
            "taxProvision": null,
            "interestIncome": null,
            "netInterestIncome": null,
            "extraordinaryItems": null,
            "nonRecurring": null,
            "otherItems": null,
            "incomeTaxExpense": "425000000.00",
            "totalRevenue": "8252000000.00",
            "totalOperatingExpenses": "3141000000.00",
            "costOfRevenue": "3961000000.00",
            "totalOtherIncomeExpenseNet": "-3871000000.00",
            "discontinuedOperations": null,
            "netIncomeFromContinuingOps": null,
            "netIncomeApplicableToCommonShares": null,
            "preferredStockAndOtherAdjustments": null
        },
        "1997-12-31": {
            "date": "1997-12-31",
            "filing_date": "1998-03-30",
            "currency_symbol": "USD",
            "researchDevelopment": null,
            "effectOfAccountingCharges": null,
            "incomeBeforeTax": "1389000000.00",
            "minorityInterest": null,
            "netIncome": "874000000.00",
            "sellingGeneralAdministrative": "1264000000.00",
            "sellingAndMarketingExpenses": null,
            "grossProfit": "3879000000.00",
            "reconciledDepreciation": "239000000.00",
            "ebit": "1389000000.00",
            "ebitda": "1628000000.00",
            "depreciationAndAmortization": "239000000.00",
            "nonOperatingIncomeNetOther": null,
            "operatingIncome": "1389000000.00",
            "otherOperatingExpenses": "6419000000.00",
            "interestExpense": "3724000000.00",
            "taxProvision": null,
            "interestIncome": null,
            "netInterestIncome": null,
            "extraordinaryItems": null,
            "nonRecurring": null,
            "otherItems": null,
            "incomeTaxExpense": "515000000.00",
            "totalRevenue": "7808000000.00",
            "totalOperatingExpenses": "2490000000.00",
            "costOfRevenue": "3929000000.00",
            "totalOtherIncomeExpenseNet": "-3963000000.00",
            "discontinuedOperations": null,
            "netIncomeFromContinuingOps": null,
            "netIncomeApplicableToCommonShares": null,
            "preferredStockAndOtherAdjustments": null
        },
        "1997-09-30": {
            "date": "1997-09-30",
            "filing_date": "1997-11-14",
            "currency_symbol": "USD",
            "researchDevelopment": null,
            "effectOfAccountingCharges": null,
            "incomeBeforeTax": "1558000000.00",
            "minorityInterest": null,
            "netIncome": "982000000.00",
            "sellingGeneralAdministrative": "1498000000.00",
            "sellingAndMarketingExpenses": null,
            "grossProfit": "4225000000.00",
            "reconciledDepreciation": "241000000.00",
            "ebit": "1558000000.00",
            "ebitda": "1799000000.00",
            "depreciationAndAmortization": "241000000.00",
            "nonOperatingIncomeNetOther": null,
            "operatingIncome": "1558000000.00",
            "otherOperatingExpenses": "6306000000.00",
            "interestExpense": "3449000000.00",
            "taxProvision": null,
            "interestIncome": null,
            "netInterestIncome": null,
            "extraordinaryItems": null,
            "nonRecurring": null,
            "otherItems": null,
            "incomeTaxExpense": "576000000.00",
            "totalRevenue": "7864000000.00",
            "totalOperatingExpenses": "2667000000.00",
            "costOfRevenue": "3639000000.00",
            "totalOtherIncomeExpenseNet": "-3690000000.00",
            "discontinuedOperations": null,
            "netIncomeFromContinuingOps": null,
            "netIncomeApplicableToCommonShares": null,
            "preferredStockAndOtherAdjustments": null
        },
        "1997-06-30": {
            "date": "1997-06-30",
            "filing_date": "1997-08-14",
            "currency_symbol": "USD",
            "researchDevelopment": null,
            "effectOfAccountingCharges": null,
            "incomeBeforeTax": "1480000000.00",
            "minorityInterest": null,
            "netIncome": "925000000.00",
            "sellingGeneralAdministrative": "1329000000.00",
            "sellingAndMarketingExpenses": null,
            "grossProfit": "3964000000.00",
            "reconciledDepreciation": "236000000.00",
            "ebit": "1480000000.00",
            "ebitda": "1716000000.00",
            "depreciationAndAmortization": "236000000.00",
            "nonOperatingIncomeNetOther": null,
            "operatingIncome": "1480000000.00",
            "otherOperatingExpenses": "6024000000.00",
            "interestExpense": "3351000000.00",
            "taxProvision": null,
            "interestIncome": null,
            "netInterestIncome": null,
            "extraordinaryItems": null,
            "nonRecurring": null,
            "otherItems": null,
            "incomeTaxExpense": "555000000.00",
            "totalRevenue": "7504000000.00",
            "totalOperatingExpenses": "2484000000.00",
            "costOfRevenue": "3540000000.00",
            "totalOtherIncomeExpenseNet": "-3587000000.00",
            "discontinuedOperations": null,
            "netIncomeFromContinuingOps": null,
            "netIncomeApplicableToCommonShares": null,
            "preferredStockAndOtherAdjustments": null
        },
        "1997-03-31": {
            "date": "1997-03-31",
            "filing_date": "1997-05-15",
            "currency_symbol": "USD",
            "researchDevelopment": null,
            "effectOfAccountingCharges": null,
            "incomeBeforeTax": "1483000000.00",
            "minorityInterest": null,
            "netIncome": "927000000.00",
            "sellingGeneralAdministrative": "1346000000.00",
            "sellingAndMarketingExpenses": null,
            "grossProfit": "3930000000.00",
            "reconciledDepreciation": "235000000.00",
            "ebit": "1483000000.00",
            "ebitda": "1718000000.00",
            "depreciationAndAmortization": "235000000.00",
            "nonOperatingIncomeNetOther": null,
            "operatingIncome": "1483000000.00",
            "otherOperatingExpenses": "5741000000.00",
            "interestExpense": "3074000000.00",
            "taxProvision": null,
            "interestIncome": null,
            "netInterestIncome": null,
            "extraordinaryItems": null,
            "nonRecurring": null,
            "otherItems": null,
            "incomeTaxExpense": "556000000.00",
            "totalRevenue": "7224000000.00",
            "totalOperatingExpenses": "2447000000.00",
            "costOfRevenue": "3294000000.00",
            "totalOtherIncomeExpenseNet": "-3309000000.00",
            "discontinuedOperations": null,
            "netIncomeFromContinuingOps": null,
            "netIncomeApplicableToCommonShares": null,
            "preferredStockAndOtherAdjustments": null
        },
        "1996-12-31": {
            "date": "1996-12-31",
            "filing_date": "1997-03-25",
            "currency_symbol": "USD",
            "researchDevelopment": null,
            "effectOfAccountingCharges": null,
            "incomeBeforeTax": "1349000000.00",
            "minorityInterest": null,
            "netIncome": "836000000.00",
            "sellingGeneralAdministrative": "1255000000.00",
            "sellingAndMarketingExpenses": null,
            "grossProfit": "3756000000.00",
            "reconciledDepreciation": "238000000.00",
            "ebit": "1349000000.00",
            "ebitda": "1587000000.00",
            "depreciationAndAmortization": "238000000.00",
            "nonOperatingIncomeNetOther": null,
            "operatingIncome": "1349000000.00",
            "otherOperatingExpenses": "5646000000.00",
            "interestExpense": "3057000000.00",
            "taxProvision": null,
            "interestIncome": null,
            "netInterestIncome": null,
            "extraordinaryItems": null,
            "nonRecurring": null,
            "otherItems": null,
            "incomeTaxExpense": "513000000.00",
            "totalRevenue": "6995000000.00",
            "totalOperatingExpenses": "2407000000.00",
            "costOfRevenue": "3239000000.00",
            "totalOtherIncomeExpenseNet": "-3295000000.00",
            "discontinuedOperations": null,
            "netIncomeFromContinuingOps": null,
            "netIncomeApplicableToCommonShares": null,
            "preferredStockAndOtherAdjustments": null
        },
        "1996-09-30": {
            "date": "1996-09-30",
            "filing_date": "1996-11-14",
            "currency_symbol": "USD",
            "researchDevelopment": null,
            "effectOfAccountingCharges": null,
            "incomeBeforeTax": "1385000000.00",
            "minorityInterest": null,
            "netIncome": "858000000.00",
            "sellingGeneralAdministrative": "1251000000.00",
            "sellingAndMarketingExpenses": null,
            "grossProfit": "3705000000.00",
            "reconciledDepreciation": "225000000.00",
            "ebit": "1385000000.00",
            "ebitda": "1610000000.00",
            "depreciationAndAmortization": "225000000.00",
            "nonOperatingIncomeNetOther": null,
            "operatingIncome": "1385000000.00",
            "otherOperatingExpenses": "5389000000.00",
            "interestExpense": "2849000000.00",
            "taxProvision": null,
            "interestIncome": null,
            "netInterestIncome": null,
            "extraordinaryItems": null,
            "nonRecurring": null,
            "otherItems": null,
            "incomeTaxExpense": "527000000.00",
            "totalRevenue": "6774000000.00",
            "totalOperatingExpenses": "2320000000.00",
            "costOfRevenue": "3069000000.00",
            "totalOtherIncomeExpenseNet": "-3074000000.00",
            "discontinuedOperations": null,
            "netIncomeFromContinuingOps": null,
            "netIncomeApplicableToCommonShares": null,
            "preferredStockAndOtherAdjustments": null
        },
        "1996-06-30": {
            "date": "1996-06-30",
            "filing_date": "1996-08-14",
            "currency_symbol": "USD",
            "researchDevelopment": null,
            "effectOfAccountingCharges": null,
            "incomeBeforeTax": "1380000000.00",
            "minorityInterest": null,
            "netIncome": "856000000.00",
            "sellingGeneralAdministrative": "1271000000.00",
            "sellingAndMarketingExpenses": null,
            "grossProfit": "3704000000.00",
            "reconciledDepreciation": "198000000.00",
            "ebit": "1380000000.00",
            "ebitda": "1578000000.00",
            "depreciationAndAmortization": "198000000.00",
            "nonOperatingIncomeNetOther": null,
            "operatingIncome": "1380000000.00",
            "otherOperatingExpenses": "5340000000.00",
            "interestExpense": "2766000000.00",
            "taxProvision": null,
            "interestIncome": null,
            "netInterestIncome": null,
            "extraordinaryItems": null,
            "nonRecurring": null,
            "otherItems": null,
            "incomeTaxExpense": "524000000.00",
            "totalRevenue": "6720000000.00",
            "totalOperatingExpenses": "2324000000.00",
            "costOfRevenue": "3016000000.00",
            "totalOtherIncomeExpenseNet": "-2964000000.00",
            "discontinuedOperations": null,
            "netIncomeFromContinuingOps": null,
            "netIncomeApplicableToCommonShares": null,
            "preferredStockAndOtherAdjustments": null
        },
        "1996-03-31": {
            "date": "1996-03-31",
            "filing_date": "1996-05-15",
            "currency_symbol": "USD",
            "researchDevelopment": null,
            "effectOfAccountingCharges": null,
            "incomeBeforeTax": "-303000000.00",
            "minorityInterest": null,
            "netIncome": "-89000000.00",
            "sellingGeneralAdministrative": "1381000000.00",
            "sellingAndMarketingExpenses": null,
            "grossProfit": "3790000000.00",
            "reconciledDepreciation": "208000000.00",
            "ebit": "-303000000.00",
            "ebitda": "-95000000.00",
            "depreciationAndAmortization": "208000000.00",
            "nonOperatingIncomeNetOther": null,
            "operatingIncome": "-303000000.00",
            "otherOperatingExpenses": "7235000000.00",
            "interestExpense": "2897000000.00",
            "taxProvision": null,
            "interestIncome": null,
            "netInterestIncome": null,
            "extraordinaryItems": null,
            "nonRecurring": null,
            "otherItems": null,
            "incomeTaxExpense": "-214000000.00",
            "totalRevenue": "6932000000.00",
            "totalOperatingExpenses": "4093000000.00",
            "costOfRevenue": "3142000000.00",
            "totalOtherIncomeExpenseNet": "-2897000000.00",
            "discontinuedOperations": null,
            "netIncomeFromContinuingOps": null,
            "netIncomeApplicableToCommonShares": null,
            "preferredStockAndOtherAdjustments": null
        },
        "1995-12-31": {
            "date": "1995-12-31",
            "filing_date": "1996-03-20",
            "currency_symbol": "USD",
            "researchDevelopment": null,
            "effectOfAccountingCharges": null,
            "incomeBeforeTax": "766000000.00",
            "minorityInterest": null,
            "netIncome": "490000000.00",
            "sellingGeneralAdministrative": "719000000.00",
            "sellingAndMarketingExpenses": null,
            "grossProfit": "2016000000.00",
            "reconciledDepreciation": "86000000.00",
            "ebit": "766000000.00",
            "ebitda": "852000000.00",
            "depreciationAndAmortization": "86000000.00",
            "nonOperatingIncomeNetOther": null,
            "operatingIncome": "766000000.00",
            "otherOperatingExpenses": "3044000000.00",
            "interestExpense": "1678000000.00",
            "taxProvision": null,
            "interestIncome": null,
            "netInterestIncome": null,
            "extraordinaryItems": null,
            "nonRecurring": null,
            "otherItems": null,
            "incomeTaxExpense": "276000000.00",
            "totalRevenue": "3810000000.00",
            "totalOperatingExpenses": "1250000000.00",
            "costOfRevenue": "1794000000.00",
            "totalOtherIncomeExpenseNet": "-1764000000.00",
            "discontinuedOperations": null,
            "netIncomeFromContinuingOps": null,
            "netIncomeApplicableToCommonShares": null,
            "preferredStockAndOtherAdjustments": null
        },
        "1995-09-30": {
            "date": "1995-09-30",
            "filing_date": "1995-11-14",
            "currency_symbol": "USD",
            "researchDevelopment": null,
            "effectOfAccountingCharges": null,
            "incomeBeforeTax": "795000000.00",
            "minorityInterest": null,
            "netIncome": "477000000.00",
            "sellingGeneralAdministrative": "720000000.00",
            "sellingAndMarketingExpenses": null,
            "grossProfit": "2052000000.00",
            "reconciledDepreciation": null,
            "ebit": "795000000.00",
            "ebitda": "795000000.00",
            "depreciationAndAmortization": null,
            "nonOperatingIncomeNetOther": null,
            "operatingIncome": "795000000.00",
            "otherOperatingExpenses": "3015000000.00",
            "interestExpense": "1636000000.00",
            "taxProvision": null,
            "interestIncome": null,
            "netInterestIncome": null,
            "extraordinaryItems": null,
            "nonRecurring": null,
            "otherItems": null,
            "incomeTaxExpense": "318000000.00",
            "totalRevenue": "3810000000.00",
            "totalOperatingExpenses": "1257000000.00",
            "costOfRevenue": "1758000000.00",
            "totalOtherIncomeExpenseNet": "-1122000000.00",
            "discontinuedOperations": null,
            "netIncomeFromContinuingOps": null,
            "netIncomeApplicableToCommonShares": null,
            "preferredStockAndOtherAdjustments": null
        },
        "1995-06-30": {
            "date": "1995-06-30",
            "filing_date": "1995-08-14",
            "currency_symbol": "USD",
            "researchDevelopment": null,
            "effectOfAccountingCharges": null,
            "incomeBeforeTax": "755000000.00",
            "minorityInterest": null,
            "netIncome": "453000000.00",
            "sellingGeneralAdministrative": "674000000.00",
            "sellingAndMarketingExpenses": null,
            "grossProfit": "2003000000.00",
            "reconciledDepreciation": null,
            "ebit": "755000000.00",
            "ebitda": "755000000.00",
            "depreciationAndAmortization": null,
            "nonOperatingIncomeNetOther": null,
            "operatingIncome": "755000000.00",
            "otherOperatingExpenses": "2973000000.00",
            "interestExpense": "1605000000.00",
            "taxProvision": null,
            "interestIncome": null,
            "netInterestIncome": null,
            "extraordinaryItems": null,
            "nonRecurring": null,
            "otherItems": null,
            "incomeTaxExpense": "302000000.00",
            "totalRevenue": "3728000000.00",
            "totalOperatingExpenses": "1248000000.00",
            "costOfRevenue": "1725000000.00",
            "totalOtherIncomeExpenseNet": "-1131000000.00",
            "discontinuedOperations": null,
            "netIncomeFromContinuingOps": null,
            "netIncomeApplicableToCommonShares": null,
            "preferredStockAndOtherAdjustments": null
        },
        "1995-03-31": {
            "date": "1995-03-31",
            "filing_date": "1995-05-15",
            "currency_symbol": "USD",
            "researchDevelopment": null,
            "effectOfAccountingCharges": null,
            "incomeBeforeTax": "660000000.00",
            "minorityInterest": null,
            "netIncome": "385000000.00",
            "sellingGeneralAdministrative": "653000000.00",
            "sellingAndMarketingExpenses": null,
            "grossProfit": "1906000000.00",
            "reconciledDepreciation": null,
            "ebit": "660000000.00",
            "ebitda": "660000000.00",
            "depreciationAndAmortization": null,
            "nonOperatingIncomeNetOther": null,
            "operatingIncome": "660000000.00",
            "otherOperatingExpenses": "2876000000.00",
            "interestExpense": "1510000000.00",
            "taxProvision": null,
            "interestIncome": null,
            "netInterestIncome": null,
            "extraordinaryItems": null,
            "nonRecurring": null,
            "otherItems": null,
            "incomeTaxExpense": "264000000.00",
            "totalRevenue": "3536000000.00",
            "totalOperatingExpenses": "1246000000.00",
            "costOfRevenue": "1630000000.00",
            "totalOtherIncomeExpenseNet": "-1488000000.00",
            "discontinuedOperations": null,
            "netIncomeFromContinuingOps": null,
            "netIncomeApplicableToCommonShares": null,
            "preferredStockAndOtherAdjustments": null
        },
        "1994-12-31": {
            "date": "1994-12-31",
            "filing_date": "1995-03-27",
            "currency_symbol": "USD",
            "researchDevelopment": null,
            "effectOfAccountingCharges": null,
            "incomeBeforeTax": "306000000.00",
            "minorityInterest": null,
            "netIncome": "179000000.00",
            "sellingGeneralAdministrative": "681000000.00",
            "sellingAndMarketingExpenses": null,
            "grossProfit": "1899000000.00",
            "reconciledDepreciation": "101000000.00",
            "ebit": "306000000.00",
            "ebitda": "407000000.00",
            "depreciationAndAmortization": "101000000.00",
            "nonOperatingIncomeNetOther": null,
            "operatingIncome": "306000000.00",
            "otherOperatingExpenses": "2975000000.00",
            "interestExpense": "1297000000.00",
            "taxProvision": null,
            "interestIncome": null,
            "netInterestIncome": null,
            "extraordinaryItems": null,
            "nonRecurring": null,
            "otherItems": null,
            "incomeTaxExpense": "127000000.00",
            "totalRevenue": "3281000000.00",
            "totalOperatingExpenses": "1593000000.00",
            "costOfRevenue": "1382000000.00",
            "totalOtherIncomeExpenseNet": "-1297000000.00",
            "discontinuedOperations": null,
            "netIncomeFromContinuingOps": null,
            "netIncomeApplicableToCommonShares": null,
            "preferredStockAndOtherAdjustments": null
        },
        "1994-09-30": {
            "date": "1994-09-30",
            "filing_date": "1994-11-14",
            "currency_symbol": "USD",
            "researchDevelopment": null,
            "effectOfAccountingCharges": null,
            "incomeBeforeTax": "750000000.00",
            "minorityInterest": null,
            "netIncome": "439000000.00",
            "sellingGeneralAdministrative": "682000000.00",
            "sellingAndMarketingExpenses": null,
            "grossProfit": "2061000000.00",
            "reconciledDepreciation": "130000000.00",
            "ebit": "750000000.00",
            "ebitda": "880000000.00",
            "depreciationAndAmortization": "130000000.00",
            "nonOperatingIncomeNetOther": null,
            "operatingIncome": "750000000.00",
            "otherOperatingExpenses": "2547000000.00",
            "interestExpense": "1136000000.00",
            "taxProvision": null,
            "interestIncome": null,
            "netInterestIncome": null,
            "extraordinaryItems": null,
            "nonRecurring": null,
            "otherItems": null,
            "incomeTaxExpense": "311000000.00",
            "totalRevenue": "3297000000.00",
            "totalOperatingExpenses": "1311000000.00",
            "costOfRevenue": "1236000000.00",
            "totalOtherIncomeExpenseNet": "-1136000000.00",
            "discontinuedOperations": null,
            "netIncomeFromContinuingOps": null,
            "netIncomeApplicableToCommonShares": null,
            "preferredStockAndOtherAdjustments": null
        },
        "1994-06-30": {
            "date": "1994-06-30",
            "filing_date": "1994-08-15",
            "currency_symbol": "USD",
            "researchDevelopment": null,
            "effectOfAccountingCharges": null,
            "incomeBeforeTax": "611000000.00",
            "minorityInterest": null,
            "netIncome": "357000000.00",
            "sellingGeneralAdministrative": "644000000.00",
            "sellingAndMarketingExpenses": null,
            "grossProfit": "1892000000.00",
            "reconciledDepreciation": "57000000.00",
            "ebit": "611000000.00",
            "ebitda": "668000000.00",
            "depreciationAndAmortization": "57000000.00",
            "nonOperatingIncomeNetOther": null,
            "operatingIncome": "611000000.00",
            "otherOperatingExpenses": "2475000000.00",
            "interestExpense": "1034000000.00",
            "taxProvision": null,
            "interestIncome": null,
            "netInterestIncome": null,
            "extraordinaryItems": null,
            "nonRecurring": null,
            "otherItems": null,
            "incomeTaxExpense": "254000000.00",
            "totalRevenue": "3086000000.00",
            "totalOperatingExpenses": "1281000000.00",
            "costOfRevenue": "1194000000.00",
            "totalOtherIncomeExpenseNet": "-1034000000.00",
            "discontinuedOperations": null,
            "netIncomeFromContinuingOps": null,
            "netIncomeApplicableToCommonShares": null,
            "preferredStockAndOtherAdjustments": null
        },
        "1994-03-31": {
            "date": "1994-03-31",
            "filing_date": "1994-05-16",
            "currency_symbol": "USD",
            "researchDevelopment": null,
            "effectOfAccountingCharges": null,
            "incomeBeforeTax": "545000000.00",
            "minorityInterest": null,
            "netIncome": "319000000.00",
            "sellingGeneralAdministrative": "637000000.00",
            "sellingAndMarketingExpenses": null,
            "grossProfit": "1869000000.00",
            "reconciledDepreciation": "89000000.00",
            "ebit": "545000000.00",
            "ebitda": "634000000.00",
            "depreciationAndAmortization": "89000000.00",
            "nonOperatingIncomeNetOther": null,
            "operatingIncome": "545000000.00",
            "otherOperatingExpenses": "2476000000.00",
            "interestExpense": "947000000.00",
            "taxProvision": null,
            "interestIncome": null,
            "netInterestIncome": null,
            "extraordinaryItems": null,
            "nonRecurring": null,
            "otherItems": null,
            "incomeTaxExpense": "226000000.00",
            "totalRevenue": "3021000000.00",
            "totalOperatingExpenses": "1324000000.00",
            "costOfRevenue": "1152000000.00",
            "totalOtherIncomeExpenseNet": "-947000000.00",
            "discontinuedOperations": null,
            "netIncomeFromContinuingOps": null,
            "netIncomeApplicableToCommonShares": null,
            "preferredStockAndOtherAdjustments": null
        },
        "1993-12-31": {
            "date": "1993-12-31",
            "filing_date": "1994-03-25",
            "currency_symbol": "USD",
            "researchDevelopment": null,
            "effectOfAccountingCharges": null,
            "incomeBeforeTax": "581000000.00",
            "minorityInterest": null,
            "netIncome": "347000000.00",
            "sellingGeneralAdministrative": "617000000.00",
            "sellingAndMarketingExpenses": null,
            "grossProfit": "1916000000.00",
            "reconciledDepreciation": "136000000.00",
            "ebit": "581000000.00",
            "ebitda": "717000000.00",
            "depreciationAndAmortization": "136000000.00",
            "nonOperatingIncomeNetOther": null,
            "operatingIncome": "581000000.00",
            "otherOperatingExpenses": "2546000000.00",
            "interestExpense": "925000000.00",
            "taxProvision": null,
            "interestIncome": null,
            "netInterestIncome": null,
            "extraordinaryItems": null,
            "nonRecurring": null,
            "otherItems": null,
            "incomeTaxExpense": "234000000.00",
            "totalRevenue": "3127000000.00",
            "totalOperatingExpenses": "1335000000.00",
            "costOfRevenue": "1211000000.00",
            "totalOtherIncomeExpenseNet": "-925000000.00",
            "discontinuedOperations": null,
            "netIncomeFromContinuingOps": null,
            "netIncomeApplicableToCommonShares": null,
            "preferredStockAndOtherAdjustments": null
        },
        "1993-09-30": {
            "date": "1993-09-30",
            "filing_date": "1993-09-30",
            "currency_symbol": "USD",
            "researchDevelopment": null,
            "effectOfAccountingCharges": null,
            "incomeBeforeTax": "499000000.00",
            "minorityInterest": null,
            "netIncome": "502000000.00",
            "sellingGeneralAdministrative": "612000000.00",
            "sellingAndMarketingExpenses": null,
            "grossProfit": "1869000000.00",
            "reconciledDepreciation": "51000000.00",
            "ebit": "499000000.00",
            "ebitda": "550000000.00",
            "depreciationAndAmortization": "51000000.00",
            "nonOperatingIncomeNetOther": null,
            "operatingIncome": "499000000.00",
            "otherOperatingExpenses": "2578000000.00",
            "interestExpense": "910000000.00",
            "taxProvision": null,
            "interestIncome": null,
            "netInterestIncome": null,
            "extraordinaryItems": null,
            "nonRecurring": null,
            "otherItems": null,
            "incomeTaxExpense": "-3000000.00",
            "totalRevenue": "3077000000.00",
            "totalOperatingExpenses": "1370000000.00",
            "costOfRevenue": "1208000000.00",
            "totalOtherIncomeExpenseNet": "-910000000.00",
            "discontinuedOperations": null,
            "netIncomeFromContinuingOps": null,
            "netIncomeApplicableToCommonShares": null,
            "preferredStockAndOtherAdjustments": null
        },
        "1993-06-30": {
            "date": "1993-06-30",
            "filing_date": "1993-06-30",
            "currency_symbol": "USD",
            "researchDevelopment": null,
            "effectOfAccountingCharges": null,
            "incomeBeforeTax": "542000000.00",
            "minorityInterest": null,
            "netIncome": "381000000.00",
            "sellingGeneralAdministrative": "634000000.00",
            "sellingAndMarketingExpenses": null,
            "grossProfit": "1854000000.00",
            "reconciledDepreciation": "77000000.00",
            "ebit": "542000000.00",
            "ebitda": "619000000.00",
            "depreciationAndAmortization": "77000000.00",
            "nonOperatingIncomeNetOther": null,
            "operatingIncome": "542000000.00",
            "otherOperatingExpenses": "2632000000.00",
            "interestExpense": "957000000.00",
            "taxProvision": null,
            "interestIncome": null,
            "netInterestIncome": null,
            "extraordinaryItems": null,
            "nonRecurring": null,
            "otherItems": null,
            "incomeTaxExpense": "161000000.00",
            "totalRevenue": "3174000000.00",
            "totalOperatingExpenses": "1312000000.00",
            "costOfRevenue": "1320000000.00",
            "totalOtherIncomeExpenseNet": "-957000000.00",
            "discontinuedOperations": null,
            "netIncomeFromContinuingOps": null,
            "netIncomeApplicableToCommonShares": null,
            "preferredStockAndOtherAdjustments": null
        },
        "1993-03-31": {
            "date": "1993-03-31",
            "filing_date": "1993-03-31",
            "currency_symbol": "USD",
            "researchDevelopment": null,
            "effectOfAccountingCharges": null,
            "incomeBeforeTax": "486000000.00",
            "minorityInterest": null,
            "netIncome": "374000000.00",
            "sellingGeneralAdministrative": "603000000.00",
            "sellingAndMarketingExpenses": null,
            "grossProfit": "1762000000.00",
            "reconciledDepreciation": "69000000.00",
            "ebit": "486000000.00",
            "ebitda": "555000000.00",
            "depreciationAndAmortization": "69000000.00",
            "nonOperatingIncomeNetOther": null,
            "operatingIncome": "486000000.00",
            "otherOperatingExpenses": "2563000000.00",
            "interestExpense": "975000000.00",
            "taxProvision": null,
            "interestIncome": null,
            "netInterestIncome": null,
            "extraordinaryItems": null,
            "nonRecurring": null,
            "otherItems": null,
            "incomeTaxExpense": "147000000.00",
            "totalRevenue": "3049000000.00",
            "totalOperatingExpenses": "1276000000.00",
            "costOfRevenue": "1287000000.00",
            "totalOtherIncomeExpenseNet": "-1010000000.00",
            "discontinuedOperations": null,
            "netIncomeFromContinuingOps": null,
            "netIncomeApplicableToCommonShares": null,
            "preferredStockAndOtherAdjustments": null
        },
        "1992-12-31": {
            "date": "1992-12-31",
            "filing_date": "1992-12-31",
            "currency_symbol": "USD",
            "researchDevelopment": null,
            "effectOfAccountingCharges": null,
            "incomeBeforeTax": "334000000.00",
            "minorityInterest": null,
            "netIncome": "304000000.00",
            "sellingGeneralAdministrative": "584000000.00",
            "sellingAndMarketingExpenses": null,
            "grossProfit": "1608000000.00",
            "reconciledDepreciation": "81000000.00",
            "ebit": "334000000.00",
            "ebitda": "415000000.00",
            "depreciationAndAmortization": "81000000.00",
            "nonOperatingIncomeNetOther": null,
            "operatingIncome": "334000000.00",
            "otherOperatingExpenses": "2542000000.00",
            "interestExpense": "953000000.00",
            "taxProvision": null,
            "interestIncome": null,
            "netInterestIncome": null,
            "extraordinaryItems": null,
            "nonRecurring": null,
            "otherItems": null,
            "incomeTaxExpense": "30000000.00",
            "totalRevenue": "2876000000.00",
            "totalOperatingExpenses": "1274000000.00",
            "costOfRevenue": "1268000000.00",
            "totalOtherIncomeExpenseNet": "-953000000.00",
            "discontinuedOperations": null,
            "netIncomeFromContinuingOps": null,
            "netIncomeApplicableToCommonShares": null,
            "preferredStockAndOtherAdjustments": null
        },
        "1992-09-30": {
            "date": "1992-09-30",
            "filing_date": "1992-09-30",
            "currency_symbol": "USD",
            "researchDevelopment": null,
            "effectOfAccountingCharges": null,
            "incomeBeforeTax": "337000000.00",
            "minorityInterest": null,
            "netIncome": "282000000.00",
            "sellingGeneralAdministrative": "578000000.00",
            "sellingAndMarketingExpenses": null,
            "grossProfit": "1603000000.00",
            "reconciledDepreciation": "74000000.00",
            "ebit": "337000000.00",
            "ebitda": "411000000.00",
            "depreciationAndAmortization": "74000000.00",
            "nonOperatingIncomeNetOther": null,
            "operatingIncome": "337000000.00",
            "otherOperatingExpenses": "2694000000.00",
            "interestExpense": "1098000000.00",
            "taxProvision": null,
            "interestIncome": null,
            "netInterestIncome": null,
            "extraordinaryItems": null,
            "nonRecurring": null,
            "otherItems": null,
            "incomeTaxExpense": "55000000.00",
            "totalRevenue": "3031000000.00",
            "totalOperatingExpenses": "1266000000.00",
            "costOfRevenue": "1428000000.00",
            "totalOtherIncomeExpenseNet": "-1098000000.00",
            "discontinuedOperations": null,
            "netIncomeFromContinuingOps": null,
            "netIncomeApplicableToCommonShares": null,
            "preferredStockAndOtherAdjustments": null
        },
        "1992-06-30": {
            "date": "1992-06-30",
            "filing_date": "1992-06-30",
            "currency_symbol": "USD",
            "researchDevelopment": null,
            "effectOfAccountingCharges": null,
            "incomeBeforeTax": "307000000.00",
            "minorityInterest": null,
            "netIncome": "240000000.00",
            "sellingGeneralAdministrative": "582000000.00",
            "sellingAndMarketingExpenses": null,
            "grossProfit": "1498000000.00",
            "reconciledDepreciation": "82000000.00",
            "ebit": "307000000.00",
            "ebitda": "389000000.00",
            "depreciationAndAmortization": "82000000.00",
            "nonOperatingIncomeNetOther": null,
            "operatingIncome": "307000000.00",
            "otherOperatingExpenses": "2729000000.00",
            "interestExpense": "1193000000.00",
            "taxProvision": null,
            "interestIncome": null,
            "netInterestIncome": null,
            "extraordinaryItems": null,
            "nonRecurring": null,
            "otherItems": null,
            "incomeTaxExpense": "67000000.00",
            "totalRevenue": "3036000000.00",
            "totalOperatingExpenses": "1191000000.00",
            "costOfRevenue": "1538000000.00",
            "totalOtherIncomeExpenseNet": "-1193000000.00",
            "discontinuedOperations": null,
            "netIncomeFromContinuingOps": null,
            "netIncomeApplicableToCommonShares": null,
            "preferredStockAndOtherAdjustments": null
        },
        "1992-03-31": {
            "date": "1992-03-31",
            "filing_date": "1992-03-31",
            "currency_symbol": "USD",
            "researchDevelopment": null,
            "effectOfAccountingCharges": null,
            "incomeBeforeTax": "351000000.00",
            "minorityInterest": null,
            "netIncome": "260000000.00",
            "sellingGeneralAdministrative": "605000000.00",
            "sellingAndMarketingExpenses": null,
            "grossProfit": "1550000000.00",
            "reconciledDepreciation": "82000000.00",
            "ebit": "351000000.00",
            "ebitda": "433000000.00",
            "depreciationAndAmortization": "82000000.00",
            "nonOperatingIncomeNetOther": null,
            "operatingIncome": "351000000.00",
            "otherOperatingExpenses": "2880000000.00",
            "interestExpense": "1306000000.00",
            "taxProvision": null,
            "interestIncome": null,
            "netInterestIncome": null,
            "extraordinaryItems": null,
            "nonRecurring": null,
            "otherItems": null,
            "incomeTaxExpense": "91000000.00",
            "totalRevenue": "3231000000.00",
            "totalOperatingExpenses": "1199000000.00",
            "costOfRevenue": "1681000000.00",
            "totalOtherIncomeExpenseNet": "-1306000000.00",
            "discontinuedOperations": null,
            "netIncomeFromContinuingOps": null,
            "netIncomeApplicableToCommonShares": null,
            "preferredStockAndOtherAdjustments": null
        },
        "1991-12-31": {
            "date": "1991-12-31",
            "filing_date": "1991-12-31",
            "currency_symbol": "USD",
            "researchDevelopment": null,
            "effectOfAccountingCharges": null,
            "incomeBeforeTax": "-50800000.00",
            "minorityInterest": null,
            "netIncome": "-158600000.00",
            "sellingGeneralAdministrative": "1336200000.00",
            "sellingAndMarketingExpenses": null,
            "grossProfit": "3239000000.00",
            "reconciledDepreciation": "39000000.00",
            "ebit": "-50800000.00",
            "ebitda": "-11800000.00",
            "depreciationAndAmortization": "39000000.00",
            "nonOperatingIncomeNetOther": null,
            "operatingIncome": "-50800000.00",
            "otherOperatingExpenses": "8875600000.00",
            "interestExpense": "4655800000.00",
            "taxProvision": null,
            "interestIncome": null,
            "netInterestIncome": null,
            "extraordinaryItems": null,
            "nonRecurring": null,
            "otherItems": null,
            "incomeTaxExpense": "107800000.00",
            "totalRevenue": "8824800000.00",
            "totalOperatingExpenses": "3289800000.00",
            "costOfRevenue": "5585800000.00",
            "totalOtherIncomeExpenseNet": "-4694800000.00",
            "discontinuedOperations": null,
            "netIncomeFromContinuingOps": null,
            "netIncomeApplicableToCommonShares": null,
            "preferredStockAndOtherAdjustments": null
        },
        "1991-09-30": {
            "date": "1991-09-30",
            "filing_date": "1991-09-30",
            "currency_symbol": "USD",
            "researchDevelopment": null,
            "effectOfAccountingCharges": null,
            "incomeBeforeTax": "155300000.00",
            "minorityInterest": null,
            "netIncome": "131600000.00",
            "sellingGeneralAdministrative": "343400000.00",
            "sellingAndMarketingExpenses": null,
            "grossProfit": "850300000.00",
            "reconciledDepreciation": "46000000.00",
            "ebit": "155300000.00",
            "ebitda": "201300000.00",
            "depreciationAndAmortization": "46000000.00",
            "nonOperatingIncomeNetOther": null,
            "operatingIncome": "155300000.00",
            "otherOperatingExpenses": "1632500000.00",
            "interestExpense": "792500000.00",
            "taxProvision": null,
            "interestIncome": null,
            "netInterestIncome": null,
            "extraordinaryItems": null,
            "nonRecurring": null,
            "otherItems": null,
            "incomeTaxExpense": "23700000.00",
            "totalRevenue": "1787800000.00",
            "totalOperatingExpenses": "695000000.00",
            "costOfRevenue": "937500000.00",
            "totalOtherIncomeExpenseNet": "-792500000.00",
            "discontinuedOperations": null,
            "netIncomeFromContinuingOps": null,
            "netIncomeApplicableToCommonShares": null,
            "preferredStockAndOtherAdjustments": null
        },
        "1991-06-30": {
            "date": "1991-06-30",
            "filing_date": "1991-06-30",
            "currency_symbol": "USD",
            "researchDevelopment": null,
            "effectOfAccountingCharges": null,
            "incomeBeforeTax": "110600000.00",
            "minorityInterest": null,
            "netIncome": "94000000.00",
            "sellingGeneralAdministrative": "346500000.00",
            "sellingAndMarketingExpenses": null,
            "grossProfit": "793500000.00",
            "reconciledDepreciation": "50000000.00",
            "ebit": "110600000.00",
            "ebitda": "160600000.00",
            "depreciationAndAmortization": "50000000.00",
            "nonOperatingIncomeNetOther": null,
            "operatingIncome": "110600000.00",
            "otherOperatingExpenses": "1623900000.00",
            "interestExpense": "806000000.00",
            "taxProvision": null,
            "interestIncome": null,
            "netInterestIncome": null,
            "extraordinaryItems": null,
            "nonRecurring": null,
            "otherItems": null,
            "incomeTaxExpense": "16600000.00",
            "totalRevenue": "1734500000.00",
            "totalOperatingExpenses": "682900000.00",
            "costOfRevenue": "941000000.00",
            "totalOtherIncomeExpenseNet": "-806000000.00",
            "discontinuedOperations": null,
            "netIncomeFromContinuingOps": null,
            "netIncomeApplicableToCommonShares": null,
            "preferredStockAndOtherAdjustments": null
        },
        "1991-03-31": {
            "date": "1991-03-31",
            "filing_date": "1991-03-31",
            "currency_symbol": "USD",
            "researchDevelopment": null,
            "effectOfAccountingCharges": null,
            "incomeBeforeTax": "74900000.00",
            "minorityInterest": null,
            "netIncome": "87000000.00",
            "sellingGeneralAdministrative": "342900000.00",
            "sellingAndMarketingExpenses": null,
            "grossProfit": "731200000.00",
            "reconciledDepreciation": "57000000.00",
            "ebit": "74900000.00",
            "ebitda": "131900000.00",
            "depreciationAndAmortization": "57000000.00",
            "nonOperatingIncomeNetOther": null,
            "operatingIncome": "74900000.00",
            "otherOperatingExpenses": "1706000000.00",
            "interestExpense": "914700000.00",
            "taxProvision": null,
            "interestIncome": null,
            "netInterestIncome": null,
            "extraordinaryItems": null,
            "nonRecurring": null,
            "otherItems": null,
            "incomeTaxExpense": "-12100000.00",
            "totalRevenue": "1780900000.00",
            "totalOperatingExpenses": "656300000.00",
            "costOfRevenue": "1049700000.00",
            "totalOtherIncomeExpenseNet": "-971700000.00",
            "discontinuedOperations": null,
            "netIncomeFromContinuingOps": null,
            "netIncomeApplicableToCommonShares": null,
            "preferredStockAndOtherAdjustments": null
        },
        "1990-12-31": {
            "date": "1990-12-31",
            "filing_date": "1990-12-31",
            "currency_symbol": "USD",
            "researchDevelopment": null,
            "effectOfAccountingCharges": null,
            "incomeBeforeTax": "73900000.00",
            "minorityInterest": null,
            "netIncome": "70100000.00",
            "sellingGeneralAdministrative": "319200000.00",
            "sellingAndMarketingExpenses": null,
            "grossProfit": "739200000.00",
            "reconciledDepreciation": "60000000.00",
            "ebit": "73900000.00",
            "ebitda": "133900000.00",
            "depreciationAndAmortization": "60000000.00",
            "nonOperatingIncomeNetOther": null,
            "operatingIncome": "73900000.00",
            "otherOperatingExpenses": "1881000000.00",
            "interestExpense": "1080700000.00",
            "taxProvision": null,
            "interestIncome": null,
            "netInterestIncome": null,
            "extraordinaryItems": null,
            "nonRecurring": null,
            "otherItems": null,
            "incomeTaxExpense": "3800000.00",
            "totalRevenue": "1954900000.00",
            "totalOperatingExpenses": "665300000.00",
            "costOfRevenue": "1215700000.00",
            "totalOtherIncomeExpenseNet": "-1140700000.00",
            "discontinuedOperations": null,
            "netIncomeFromContinuingOps": null,
            "netIncomeApplicableToCommonShares": null,
            "preferredStockAndOtherAdjustments": null
        },
        "1990-09-30": {
            "date": "1990-09-30",
            "filing_date": "1990-09-30",
            "currency_symbol": "USD",
            "researchDevelopment": null,
            "effectOfAccountingCharges": null,
            "incomeBeforeTax": "-27900000.00",
            "minorityInterest": null,
            "netIncome": "-43700000.00",
            "sellingGeneralAdministrative": "338700000.00",
            "sellingAndMarketingExpenses": null,
            "grossProfit": "606100000.00",
            "reconciledDepreciation": "66000000.00",
            "ebit": "-27900000.00",
            "ebitda": "38100000.00",
            "depreciationAndAmortization": "66000000.00",
            "nonOperatingIncomeNetOther": null,
            "operatingIncome": "-27900000.00",
            "otherOperatingExpenses": "2011500000.00",
            "interestExpense": "1127500000.00",
            "taxProvision": null,
            "interestIncome": null,
            "netInterestIncome": null,
            "extraordinaryItems": null,
            "nonRecurring": null,
            "otherItems": null,
            "incomeTaxExpense": "15800000.00",
            "totalRevenue": "1983600000.00",
            "totalOperatingExpenses": "634000000.00",
            "costOfRevenue": "1377500000.00",
            "totalOtherIncomeExpenseNet": "-1193500000.00",
            "discontinuedOperations": null,
            "netIncomeFromContinuingOps": null,
            "netIncomeApplicableToCommonShares": null,
            "preferredStockAndOtherAdjustments": null
        },
        "1990-06-30": {
            "date": "1990-06-30",
            "filing_date": "1990-06-30",
            "currency_symbol": "USD",
            "researchDevelopment": null,
            "effectOfAccountingCharges": null,
            "incomeBeforeTax": "130300000.00",
            "minorityInterest": null,
            "netIncome": "113100000.00",
            "sellingGeneralAdministrative": "338300000.00",
            "sellingAndMarketingExpenses": null,
            "grossProfit": "766200000.00",
            "reconciledDepreciation": "56000000.00",
            "ebit": "130300000.00",
            "ebitda": "186300000.00",
            "depreciationAndAmortization": "56000000.00",
            "nonOperatingIncomeNetOther": null,
            "operatingIncome": "130300000.00",
            "otherOperatingExpenses": "1815700000.00",
            "interestExpense": "1097800000.00",
            "taxProvision": null,
            "interestIncome": null,
            "netInterestIncome": null,
            "extraordinaryItems": null,
            "nonRecurring": null,
            "otherItems": null,
            "incomeTaxExpense": "17200000.00",
            "totalRevenue": "1946000000.00",
            "totalOperatingExpenses": "635900000.00",
            "costOfRevenue": "1179800000.00",
            "totalOtherIncomeExpenseNet": "-1153800000.00",
            "discontinuedOperations": null,
            "netIncomeFromContinuingOps": null,
            "netIncomeApplicableToCommonShares": null,
            "preferredStockAndOtherAdjustments": null
        },
        "1990-03-31": {
            "date": "1990-03-31",
            "filing_date": "1990-03-31",
            "currency_symbol": "USD",
            "researchDevelopment": null,
            "effectOfAccountingCharges": null,
            "incomeBeforeTax": "170100000.00",
            "minorityInterest": null,
            "netIncome": "151700000.00",
            "sellingGeneralAdministrative": "339100000.00",
            "sellingAndMarketingExpenses": null,
            "grossProfit": "858100000.00",
            "reconciledDepreciation": "54000000.00",
            "ebit": "170100000.00",
            "ebitda": "224100000.00",
            "depreciationAndAmortization": "54000000.00",
            "nonOperatingIncomeNetOther": null,
            "operatingIncome": "170100000.00",
            "otherOperatingExpenses": "1911900000.00",
            "interestExpense": "1153900000.00",
            "taxProvision": null,
            "interestIncome": null,
            "netInterestIncome": null,
            "extraordinaryItems": null,
            "nonRecurring": null,
            "otherItems": null,
            "incomeTaxExpense": "18400000.00",
            "totalRevenue": "2082000000.00",
            "totalOperatingExpenses": "688000000.00",
            "costOfRevenue": "1223900000.00",
            "totalOtherIncomeExpenseNet": "-1207900000.00",
            "discontinuedOperations": null,
            "netIncomeFromContinuingOps": null,
            "netIncomeApplicableToCommonShares": null,
            "preferredStockAndOtherAdjustments": null
        },
        "1989-12-31": {
            "date": "1989-12-31",
            "filing_date": "1989-12-31",
            "currency_symbol": null,
            "researchDevelopment": null,
            "effectOfAccountingCharges": null,
            "incomeBeforeTax": null,
            "minorityInterest": null,
            "netIncome": "95900000.00",
            "sellingGeneralAdministrative": null,
            "sellingAndMarketingExpenses": null,
            "grossProfit": null,
            "reconciledDepreciation": null,
            "ebit": null,
            "ebitda": null,
            "depreciationAndAmortization": null,
            "nonOperatingIncomeNetOther": null,
            "operatingIncome": null,
            "otherOperatingExpenses": null,
            "interestExpense": null,
            "taxProvision": null,
            "interestIncome": null,
            "netInterestIncome": null,
            "extraordinaryItems": null,
            "nonRecurring": null,
            "otherItems": null,
            "incomeTaxExpense": null,
            "totalRevenue": null,
            "totalOperatingExpenses": null,
            "costOfRevenue": null,
            "totalOtherIncomeExpenseNet": null,
            "discontinuedOperations": null,
            "netIncomeFromContinuingOps": null,
            "netIncomeApplicableToCommonShares": null,
            "preferredStockAndOtherAdjustments": null
        },
        "1989-09-30": {
            "date": "1989-09-30",
            "filing_date": "1989-09-30",
            "currency_symbol": null,
            "researchDevelopment": null,
            "effectOfAccountingCharges": null,
            "incomeBeforeTax": null,
            "minorityInterest": null,
            "netIncome": "-824600000.00",
            "sellingGeneralAdministrative": null,
            "sellingAndMarketingExpenses": null,
            "grossProfit": null,
            "reconciledDepreciation": null,
            "ebit": null,
            "ebitda": null,
            "depreciationAndAmortization": null,
            "nonOperatingIncomeNetOther": null,
            "operatingIncome": null,
            "otherOperatingExpenses": null,
            "interestExpense": null,
            "taxProvision": null,
            "interestIncome": null,
            "netInterestIncome": null,
            "extraordinaryItems": null,
            "nonRecurring": null,
            "otherItems": null,
            "incomeTaxExpense": null,
            "totalRevenue": null,
            "totalOperatingExpenses": null,
            "costOfRevenue": null,
            "totalOtherIncomeExpenseNet": null,
            "discontinuedOperations": null,
            "netIncomeFromContinuingOps": null,
            "netIncomeApplicableToCommonShares": null,
            "preferredStockAndOtherAdjustments": null
        },
        "1989-06-30": {
            "date": "1989-06-30",
            "filing_date": "1989-06-30",
            "currency_symbol": null,
            "researchDevelopment": null,
            "effectOfAccountingCharges": null,
            "incomeBeforeTax": null,
            "minorityInterest": null,
            "netIncome": "128600000.00",
            "sellingGeneralAdministrative": null,
            "sellingAndMarketingExpenses": null,
            "grossProfit": null,
            "reconciledDepreciation": null,
            "ebit": null,
            "ebitda": null,
            "depreciationAndAmortization": null,
            "nonOperatingIncomeNetOther": null,
            "operatingIncome": null,
            "otherOperatingExpenses": null,
            "interestExpense": null,
            "taxProvision": null,
            "interestIncome": null,
            "netInterestIncome": null,
            "extraordinaryItems": null,
            "nonRecurring": null,
            "otherItems": null,
            "incomeTaxExpense": null,
            "totalRevenue": null,
            "totalOperatingExpenses": null,
            "costOfRevenue": null,
            "totalOtherIncomeExpenseNet": null,
            "discontinuedOperations": null,
            "netIncomeFromContinuingOps": null,
            "netIncomeApplicableToCommonShares": null,
            "preferredStockAndOtherAdjustments": null
        },
        "1989-03-31": {
            "date": "1989-03-31",
            "filing_date": "1989-03-31",
            "currency_symbol": null,
            "researchDevelopment": null,
            "effectOfAccountingCharges": null,
            "incomeBeforeTax": null,
            "minorityInterest": null,
            "netIncome": "117900000.00",
            "sellingGeneralAdministrative": null,
            "sellingAndMarketingExpenses": null,
            "grossProfit": null,
            "reconciledDepreciation": null,
            "ebit": null,
            "ebitda": null,
            "depreciationAndAmortization": null,
            "nonOperatingIncomeNetOther": null,
            "operatingIncome": null,
            "otherOperatingExpenses": null,
            "interestExpense": null,
            "taxProvision": null,
            "interestIncome": null,
            "netInterestIncome": null,
            "extraordinaryItems": null,
            "nonRecurring": null,
            "otherItems": null,
            "incomeTaxExpense": null,
            "totalRevenue": null,
            "totalOperatingExpenses": null,
            "costOfRevenue": null,
            "totalOtherIncomeExpenseNet": null,
            "discontinuedOperations": null,
            "netIncomeFromContinuingOps": null,
            "netIncomeApplicableToCommonShares": null,
            "preferredStockAndOtherAdjustments": null
        },
        "1988-12-31": {
            "date": "1988-12-31",
            "filing_date": "1988-12-31",
            "currency_symbol": null,
            "researchDevelopment": null,
            "effectOfAccountingCharges": null,
            "incomeBeforeTax": null,
            "minorityInterest": null,
            "netIncome": "288500000.00",
            "sellingGeneralAdministrative": null,
            "sellingAndMarketingExpenses": null,
            "grossProfit": null,
            "reconciledDepreciation": null,
            "ebit": null,
            "ebitda": null,
            "depreciationAndAmortization": null,
            "nonOperatingIncomeNetOther": null,
            "operatingIncome": null,
            "otherOperatingExpenses": null,
            "interestExpense": null,
            "taxProvision": null,
            "interestIncome": null,
            "netInterestIncome": null,
            "extraordinaryItems": null,
            "nonRecurring": null,
            "otherItems": null,
            "incomeTaxExpense": null,
            "totalRevenue": null,
            "totalOperatingExpenses": null,
            "costOfRevenue": null,
            "totalOtherIncomeExpenseNet": null,
            "discontinuedOperations": null,
            "netIncomeFromContinuingOps": null,
            "netIncomeApplicableToCommonShares": null,
            "preferredStockAndOtherAdjustments": null
        },
        "1988-09-30": {
            "date": "1988-09-30",
            "filing_date": "1988-09-30",
            "currency_symbol": null,
            "researchDevelopment": null,
            "effectOfAccountingCharges": null,
            "incomeBeforeTax": null,
            "minorityInterest": null,
            "netIncome": "211900000.00",
            "sellingGeneralAdministrative": null,
            "sellingAndMarketingExpenses": null,
            "grossProfit": null,
            "reconciledDepreciation": null,
            "ebit": null,
            "ebitda": null,
            "depreciationAndAmortization": null,
            "nonOperatingIncomeNetOther": null,
            "operatingIncome": null,
            "otherOperatingExpenses": null,
            "interestExpense": null,
            "taxProvision": null,
            "interestIncome": null,
            "netInterestIncome": null,
            "extraordinaryItems": null,
            "nonRecurring": null,
            "otherItems": null,
            "incomeTaxExpense": null,
            "totalRevenue": null,
            "totalOperatingExpenses": null,
            "costOfRevenue": null,
            "totalOtherIncomeExpenseNet": null,
            "discontinuedOperations": null,
            "netIncomeFromContinuingOps": null,
            "netIncomeApplicableToCommonShares": null,
            "preferredStockAndOtherAdjustments": null
        },
        "1988-06-30": {
            "date": "1988-06-30",
            "filing_date": "1988-06-30",
            "currency_symbol": null,
            "researchDevelopment": null,
            "effectOfAccountingCharges": null,
            "incomeBeforeTax": null,
            "minorityInterest": null,
            "netIncome": "127700000.00",
            "sellingGeneralAdministrative": null,
            "sellingAndMarketingExpenses": null,
            "grossProfit": null,
            "reconciledDepreciation": null,
            "ebit": null,
            "ebitda": null,
            "depreciationAndAmortization": null,
            "nonOperatingIncomeNetOther": null,
            "operatingIncome": null,
            "otherOperatingExpenses": null,
            "interestExpense": null,
            "taxProvision": null,
            "interestIncome": null,
            "netInterestIncome": null,
            "extraordinaryItems": null,
            "nonRecurring": null,
            "otherItems": null,
            "incomeTaxExpense": null,
            "totalRevenue": null,
            "totalOperatingExpenses": null,
            "costOfRevenue": null,
            "totalOtherIncomeExpenseNet": null,
            "discontinuedOperations": null,
            "netIncomeFromContinuingOps": null,
            "netIncomeApplicableToCommonShares": null,
            "preferredStockAndOtherAdjustments": null
        },
        "1988-03-31": {
            "date": "1988-03-31",
            "filing_date": "1988-03-31",
            "currency_symbol": null,
            "researchDevelopment": null,
            "effectOfAccountingCharges": null,
            "incomeBeforeTax": null,
            "minorityInterest": null,
            "netIncome": "125500000.00",
            "sellingGeneralAdministrative": null,
            "sellingAndMarketingExpenses": null,
            "grossProfit": null,
            "reconciledDepreciation": null,
            "ebit": null,
            "ebitda": null,
            "depreciationAndAmortization": null,
            "nonOperatingIncomeNetOther": null,
            "operatingIncome": null,
            "otherOperatingExpenses": null,
            "interestExpense": null,
            "taxProvision": null,
            "interestIncome": null,
            "netInterestIncome": null,
            "extraordinaryItems": null,
            "nonRecurring": null,
            "otherItems": null,
            "incomeTaxExpense": null,
            "totalRevenue": null,
            "totalOperatingExpenses": null,
            "costOfRevenue": null,
            "totalOtherIncomeExpenseNet": null,
            "discontinuedOperations": null,
            "netIncomeFromContinuingOps": null,
            "netIncomeApplicableToCommonShares": null,
            "preferredStockAndOtherAdjustments": null
        },
        "1987-12-31": {
            "date": "1987-12-31",
            "filing_date": "1987-12-31",
            "currency_symbol": null,
            "researchDevelopment": null,
            "effectOfAccountingCharges": null,
            "incomeBeforeTax": null,
            "minorityInterest": null,
            "netIncome": "229600000.00",
            "sellingGeneralAdministrative": null,
            "sellingAndMarketingExpenses": null,
            "grossProfit": null,
            "reconciledDepreciation": null,
            "ebit": null,
            "ebitda": null,
            "depreciationAndAmortization": null,
            "nonOperatingIncomeNetOther": null,
            "operatingIncome": null,
            "otherOperatingExpenses": null,
            "interestExpense": null,
            "taxProvision": null,
            "interestIncome": null,
            "netInterestIncome": null,
            "extraordinaryItems": null,
            "nonRecurring": null,
            "otherItems": null,
            "incomeTaxExpense": null,
            "totalRevenue": null,
            "totalOperatingExpenses": null,
            "costOfRevenue": null,
            "totalOtherIncomeExpenseNet": null,
            "discontinuedOperations": null,
            "netIncomeFromContinuingOps": null,
            "netIncomeApplicableToCommonShares": null,
            "preferredStockAndOtherAdjustments": null
        },
        "1987-09-30": {
            "date": "1987-09-30",
            "filing_date": "1987-09-30",
            "currency_symbol": null,
            "researchDevelopment": null,
            "effectOfAccountingCharges": null,
            "incomeBeforeTax": null,
            "minorityInterest": null,
            "netIncome": "-66400000.00",
            "sellingGeneralAdministrative": null,
            "sellingAndMarketingExpenses": null,
            "grossProfit": null,
            "reconciledDepreciation": null,
            "ebit": null,
            "ebitda": null,
            "depreciationAndAmortization": null,
            "nonOperatingIncomeNetOther": null,
            "operatingIncome": null,
            "otherOperatingExpenses": null,
            "interestExpense": null,
            "taxProvision": null,
            "interestIncome": null,
            "netInterestIncome": null,
            "extraordinaryItems": null,
            "nonRecurring": null,
            "otherItems": null,
            "incomeTaxExpense": null,
            "totalRevenue": null,
            "totalOperatingExpenses": null,
            "costOfRevenue": null,
            "totalOtherIncomeExpenseNet": null,
            "discontinuedOperations": null,
            "netIncomeFromContinuingOps": null,
            "netIncomeApplicableToCommonShares": null,
            "preferredStockAndOtherAdjustments": null
        },
        "1987-06-30": {
            "date": "1987-06-30",
            "filing_date": "1987-06-30",
            "currency_symbol": null,
            "researchDevelopment": null,
            "effectOfAccountingCharges": null,
            "incomeBeforeTax": null,
            "minorityInterest": null,
            "netIncome": "-1103100000.00",
            "sellingGeneralAdministrative": null,
            "sellingAndMarketingExpenses": null,
            "grossProfit": null,
            "reconciledDepreciation": null,
            "ebit": null,
            "ebitda": null,
            "depreciationAndAmortization": null,
            "nonOperatingIncomeNetOther": null,
            "operatingIncome": null,
            "otherOperatingExpenses": null,
            "interestExpense": null,
            "taxProvision": null,
            "interestIncome": null,
            "netInterestIncome": null,
            "extraordinaryItems": null,
            "nonRecurring": null,
            "otherItems": null,
            "incomeTaxExpense": null,
            "totalRevenue": null,
            "totalOperatingExpenses": null,
            "costOfRevenue": null,
            "totalOtherIncomeExpenseNet": null,
            "discontinuedOperations": null,
            "netIncomeFromContinuingOps": null,
            "netIncomeApplicableToCommonShares": null,
            "preferredStockAndOtherAdjustments": null
        },
        "1987-03-31": {
            "date": "1987-03-31",
            "filing_date": "1987-03-31",
            "currency_symbol": null,
            "researchDevelopment": null,
            "effectOfAccountingCharges": null,
            "incomeBeforeTax": null,
            "minorityInterest": null,
            "netIncome": "86200000.00",
            "sellingGeneralAdministrative": null,
            "sellingAndMarketingExpenses": null,
            "grossProfit": null,
            "reconciledDepreciation": null,
            "ebit": null,
            "ebitda": null,
            "depreciationAndAmortization": null,
            "nonOperatingIncomeNetOther": null,
            "operatingIncome": null,
            "otherOperatingExpenses": null,
            "interestExpense": null,
            "taxProvision": null,
            "interestIncome": null,
            "netInterestIncome": null,
            "extraordinaryItems": null,
            "nonRecurring": null,
            "otherItems": null,
            "incomeTaxExpense": null,
            "totalRevenue": null,
            "totalOperatingExpenses": null,
            "costOfRevenue": null,
            "totalOtherIncomeExpenseNet": null,
            "discontinuedOperations": null,
            "netIncomeFromContinuingOps": null,
            "netIncomeApplicableToCommonShares": null,
            "preferredStockAndOtherAdjustments": null
        },
        "1986-12-31": {
            "date": "1986-12-31",
            "filing_date": "1986-12-31",
            "currency_symbol": null,
            "researchDevelopment": null,
            "effectOfAccountingCharges": null,
            "incomeBeforeTax": null,
            "minorityInterest": null,
            "netIncome": "102400000.00",
            "sellingGeneralAdministrative": null,
            "sellingAndMarketingExpenses": null,
            "grossProfit": null,
            "reconciledDepreciation": null,
            "ebit": null,
            "ebitda": null,
            "depreciationAndAmortization": null,
            "nonOperatingIncomeNetOther": null,
            "operatingIncome": null,
            "otherOperatingExpenses": null,
            "interestExpense": null,
            "taxProvision": null,
            "interestIncome": null,
            "netInterestIncome": null,
            "extraordinaryItems": null,
            "nonRecurring": null,
            "otherItems": null,
            "incomeTaxExpense": null,
            "totalRevenue": null,
            "totalOperatingExpenses": null,
            "costOfRevenue": null,
            "totalOtherIncomeExpenseNet": null,
            "discontinuedOperations": null,
            "netIncomeFromContinuingOps": null,
            "netIncomeApplicableToCommonShares": null,
            "preferredStockAndOtherAdjustments": null
        },
        "1986-09-30": {
            "date": "1986-09-30",
            "filing_date": "1986-09-30",
            "currency_symbol": null,
            "researchDevelopment": null,
            "effectOfAccountingCharges": null,
            "incomeBeforeTax": null,
            "minorityInterest": null,
            "netIncome": "99100000.00",
            "sellingGeneralAdministrative": null,
            "sellingAndMarketingExpenses": null,
            "grossProfit": null,
            "reconciledDepreciation": null,
            "ebit": null,
            "ebitda": null,
            "depreciationAndAmortization": null,
            "nonOperatingIncomeNetOther": null,
            "operatingIncome": null,
            "otherOperatingExpenses": null,
            "interestExpense": null,
            "taxProvision": null,
            "interestIncome": null,
            "netInterestIncome": null,
            "extraordinaryItems": null,
            "nonRecurring": null,
            "otherItems": null,
            "incomeTaxExpense": null,
            "totalRevenue": null,
            "totalOperatingExpenses": null,
            "costOfRevenue": null,
            "totalOtherIncomeExpenseNet": null,
            "discontinuedOperations": null,
            "netIncomeFromContinuingOps": null,
            "netIncomeApplicableToCommonShares": null,
            "preferredStockAndOtherAdjustments": null
        },
        "1986-06-30": {
            "date": "1986-06-30",
            "filing_date": "1986-06-30",
            "currency_symbol": null,
            "researchDevelopment": null,
            "effectOfAccountingCharges": null,
            "incomeBeforeTax": null,
            "minorityInterest": null,
            "netIncome": "98300000.00",
            "sellingGeneralAdministrative": null,
            "sellingAndMarketingExpenses": null,
            "grossProfit": null,
            "reconciledDepreciation": null,
            "ebit": null,
            "ebitda": null,
            "depreciationAndAmortization": null,
            "nonOperatingIncomeNetOther": null,
            "operatingIncome": null,
            "otherOperatingExpenses": null,
            "interestExpense": null,
            "taxProvision": null,
            "interestIncome": null,
            "netInterestIncome": null,
            "extraordinaryItems": null,
            "nonRecurring": null,
            "otherItems": null,
            "incomeTaxExpense": null,
            "totalRevenue": null,
            "totalOperatingExpenses": null,
            "costOfRevenue": null,
            "totalOtherIncomeExpenseNet": null,
            "discontinuedOperations": null,
            "netIncomeFromContinuingOps": null,
            "netIncomeApplicableToCommonShares": null,
            "preferredStockAndOtherAdjustments": null
        },
        "1986-03-31": {
            "date": "1986-03-31",
            "filing_date": "1986-03-31",
            "currency_symbol": null,
            "researchDevelopment": null,
            "effectOfAccountingCharges": null,
            "incomeBeforeTax": null,
            "minorityInterest": null,
            "netIncome": "102600000.00",
            "sellingGeneralAdministrative": null,
            "sellingAndMarketingExpenses": null,
            "grossProfit": null,
            "reconciledDepreciation": null,
            "ebit": null,
            "ebitda": null,
            "depreciationAndAmortization": null,
            "nonOperatingIncomeNetOther": null,
            "operatingIncome": null,
            "otherOperatingExpenses": null,
            "interestExpense": null,
            "taxProvision": null,
            "interestIncome": null,
            "netInterestIncome": null,
            "extraordinaryItems": null,
            "nonRecurring": null,
            "otherItems": null,
            "incomeTaxExpense": null,
            "totalRevenue": null,
            "totalOperatingExpenses": null,
            "costOfRevenue": null,
            "totalOtherIncomeExpenseNet": null,
            "discontinuedOperations": null,
            "netIncomeFromContinuingOps": null,
            "netIncomeApplicableToCommonShares": null,
            "preferredStockAndOtherAdjustments": null
        },
        "1985-12-31": {
            "date": "1985-12-31",
            "filing_date": "1985-12-31",
            "currency_symbol": null,
            "researchDevelopment": null,
            "effectOfAccountingCharges": null,
            "incomeBeforeTax": null,
            "minorityInterest": null,
            "netIncome": "97600000.00",
            "sellingGeneralAdministrative": null,
            "sellingAndMarketingExpenses": null,
            "grossProfit": null,
            "reconciledDepreciation": null,
            "ebit": null,
            "ebitda": null,
            "depreciationAndAmortization": null,
            "nonOperatingIncomeNetOther": null,
            "operatingIncome": null,
            "otherOperatingExpenses": null,
            "interestExpense": null,
            "taxProvision": null,
            "interestIncome": null,
            "netInterestIncome": null,
            "extraordinaryItems": null,
            "nonRecurring": null,
            "otherItems": null,
            "incomeTaxExpense": null,
            "totalRevenue": null,
            "totalOperatingExpenses": null,
            "costOfRevenue": null,
            "totalOtherIncomeExpenseNet": null,
            "discontinuedOperations": null,
            "netIncomeFromContinuingOps": null,
            "netIncomeApplicableToCommonShares": null,
            "preferredStockAndOtherAdjustments": null
        },
        "1985-09-30": {
            "date": "1985-09-30",
            "filing_date": "1985-09-30",
            "currency_symbol": null,
            "researchDevelopment": null,
            "effectOfAccountingCharges": null,
            "incomeBeforeTax": null,
            "minorityInterest": null,
            "netIncome": "95600000.00",
            "sellingGeneralAdministrative": null,
            "sellingAndMarketingExpenses": null,
            "grossProfit": null,
            "reconciledDepreciation": null,
            "ebit": null,
            "ebitda": null,
            "depreciationAndAmortization": null,
            "nonOperatingIncomeNetOther": null,
            "operatingIncome": null,
            "otherOperatingExpenses": null,
            "interestExpense": null,
            "taxProvision": null,
            "interestIncome": null,
            "netInterestIncome": null,
            "extraordinaryItems": null,
            "nonRecurring": null,
            "otherItems": null,
            "incomeTaxExpense": null,
            "totalRevenue": null,
            "totalOperatingExpenses": null,
            "costOfRevenue": null,
            "totalOtherIncomeExpenseNet": null,
            "discontinuedOperations": null,
            "netIncomeFromContinuingOps": null,
            "netIncomeApplicableToCommonShares": null,
            "preferredStockAndOtherAdjustments": null
        }
    },
    "yearly": {
        "2024-12-31": {
            "date": "2024-12-31",
            "filing_date": "2025-02-14",
            "currency_symbol": "USD",
            "researchDevelopment": null,
            "effectOfAccountingCharges": null,
            "incomeBeforeTax": "75081000000.00",
            "minorityInterest": null,
            "netIncome": "58471000000.00",
            "sellingGeneralAdministrative": "51357000000.00",
            "sellingAndMarketingExpenses": "4974000000.00",
            "grossProfit": "158785000000.00",
            "reconciledDepreciation": "7938000000.00",
            "ebit": "75081000000.00",
            "ebitda": "83019000000.00",
            "depreciationAndAmortization": "7938000000.00",
            "nonOperatingIncomeNetOther": null,
            "operatingIncome": "75081000000.00",
            "otherOperatingExpenses": "195708000000.00",
            "interestExpense": "101350000000.00",
            "taxProvision": "16610000000.00",
            "interestIncome": "193933000000.00",
            "netInterestIncome": "92583000000.00",
            "extraordinaryItems": null,
            "nonRecurring": null,
            "otherItems": null,
            "incomeTaxExpense": "16610000000.00",
            "totalRevenue": "270789000000.00",
            "totalOperatingExpenses": "83704000000.00",
            "costOfRevenue": "112004000000.00",
            "totalOtherIncomeExpenseNet": "-9552000000.00",
            "discontinuedOperations": null,
            "netIncomeFromContinuingOps": "58471000000.00",
            "netIncomeApplicableToCommonShares": "56868000000.00",
            "preferredStockAndOtherAdjustments": null
        },
        "2023-12-31": {
            "date": "2023-12-31",
            "filing_date": "2024-02-16",
            "currency_symbol": "USD",
            "researchDevelopment": null,
            "effectOfAccountingCharges": null,
            "incomeBeforeTax": "61612000000.00",
            "minorityInterest": null,
            "netIncome": "49552000000.00",
            "sellingGeneralAdministrative": "46465000000.00",
            "sellingAndMarketingExpenses": "4591000000.00",
            "grossProfit": "145670000000.00",
            "reconciledDepreciation": "7512000000.00",
            "ebit": "61612000000.00",
            "ebitda": "69124000000.00",
            "depreciationAndAmortization": "7512000000.00",
            "nonOperatingIncomeNetOther": null,
            "operatingIncome": "61612000000.00",
            "otherOperatingExpenses": "174661000000.00",
            "interestExpense": "81321000000.00",
            "taxProvision": "12060000000.00",
            "interestIncome": "170588000000.00",
            "netInterestIncome": "89267000000.00",
            "extraordinaryItems": null,
            "nonRecurring": null,
            "otherItems": null,
            "incomeTaxExpense": "12060000000.00",
            "totalRevenue": "236273000000.00",
            "totalOperatingExpenses": "84058000000.00",
            "costOfRevenue": "90603000000.00",
            "totalOtherIncomeExpenseNet": "-8931000000.00",
            "discontinuedOperations": null,
            "netIncomeFromContinuingOps": "49552000000.00",
            "netIncomeApplicableToCommonShares": "47760000000.00",
            "preferredStockAndOtherAdjustments": null
        },
        "2022-12-31": {
            "date": "2022-12-31",
            "filing_date": "2023-02-21",
            "currency_symbol": "USD",
            "researchDevelopment": null,
            "effectOfAccountingCharges": null,
            "incomeBeforeTax": "46166000000.00",
            "minorityInterest": null,
            "netIncome": "37676000000.00",
            "sellingGeneralAdministrative": "41636000000.00",
            "sellingAndMarketingExpenses": "3911000000.00",
            "grossProfit": "121392000000.00",
            "reconciledDepreciation": "7051000000.00",
            "ebit": "46166000000.00",
            "ebitda": "53217000000.00",
            "depreciationAndAmortization": "7051000000.00",
            "nonOperatingIncomeNetOther": null,
            "operatingIncome": "46166000000.00",
            "otherOperatingExpenses": "107658000000.00",
            "interestExpense": "26097000000.00",
            "taxProvision": "8490000000.00",
            "interestIncome": "92807000000.00",
            "netInterestIncome": "66710000000.00",
            "extraordinaryItems": null,
            "nonRecurring": null,
            "otherItems": null,
            "incomeTaxExpense": "8490000000.00",
            "totalRevenue": "153824000000.00",
            "totalOperatingExpenses": "75226000000.00",
            "costOfRevenue": "32432000000.00",
            "totalOtherIncomeExpenseNet": "-6357000000.00",
            "discontinuedOperations": null,
            "netIncomeFromContinuingOps": "37676000000.00",
            "netIncomeApplicableToCommonShares": "35892000000.00",
            "preferredStockAndOtherAdjustments": null
        },
        "2021-12-31": {
            "date": "2021-12-31",
            "filing_date": "2022-02-22",
            "currency_symbol": "USD",
            "researchDevelopment": null,
            "effectOfAccountingCharges": null,
            "incomeBeforeTax": "59562000000.00",
            "minorityInterest": null,
            "netIncome": "48334000000.00",
            "sellingGeneralAdministrative": "38567000000.00",
            "sellingAndMarketingExpenses": "3036000000.00",
            "grossProfit": "130905000000.00",
            "reconciledDepreciation": "7932000000.00",
            "ebit": "59562000000.00",
            "ebitda": "67494000000.00",
            "depreciationAndAmortization": "7932000000.00",
            "nonOperatingIncomeNetOther": null,
            "operatingIncome": "59562000000.00",
            "otherOperatingExpenses": "67676000000.00",
            "interestExpense": "5553000000.00",
            "taxProvision": "11228000000.00",
            "interestIncome": "57864000000.00",
            "netInterestIncome": "52311000000.00",
            "extraordinaryItems": null,
            "nonRecurring": null,
            "otherItems": null,
            "incomeTaxExpense": "11228000000.00",
            "totalRevenue": "127238000000.00",
            "totalOperatingExpenses": "71343000000.00",
            "costOfRevenue": "-3667000000.00",
            "totalOtherIncomeExpenseNet": "-5462000000.00",
            "discontinuedOperations": null,
            "netIncomeFromContinuingOps": "48334000000.00",
            "netIncomeApplicableToCommonShares": "46503000000.00",
            "preferredStockAndOtherAdjustments": null
        },
        "2020-12-31": {
            "date": "2020-12-31",
            "filing_date": "2021-02-23",
            "currency_symbol": "USD",
            "researchDevelopment": null,
            "effectOfAccountingCharges": null,
            "incomeBeforeTax": "35815000000.00",
            "minorityInterest": null,
            "netIncome": "29131000000.00",
            "sellingGeneralAdministrative": "34988000000.00",
            "sellingAndMarketingExpenses": "2476000000.00",
            "grossProfit": "102471000000.00",
            "reconciledDepreciation": "8614000000.00",
            "ebit": "35815000000.00",
            "ebitda": "44429000000.00",
            "depreciationAndAmortization": "8614000000.00",
            "nonOperatingIncomeNetOther": null,
            "operatingIncome": "35815000000.00",
            "otherOperatingExpenses": "94028000000.00",
            "interestExpense": "9960000000.00",
            "taxProvision": "6276000000.00",
            "interestIncome": "64523000000.00",
            "netInterestIncome": "54563000000.00",
            "extraordinaryItems": null,
            "nonRecurring": null,
            "otherItems": null,
            "incomeTaxExpense": "6684000000.00",
            "totalRevenue": "129843000000.00",
            "totalOperatingExpenses": "66656000000.00",
            "costOfRevenue": "27372000000.00",
            "totalOtherIncomeExpenseNet": "-5941000000.00",
            "discontinuedOperations": null,
            "netIncomeFromContinuingOps": "29131000000.00",
            "netIncomeApplicableToCommonShares": "27410000000.00",
            "preferredStockAndOtherAdjustments": null
        },
        "2019-12-31": {
            "date": "2019-12-31",
            "filing_date": "2020-02-25",
            "currency_symbol": "USD",
            "researchDevelopment": null,
            "effectOfAccountingCharges": null,
            "incomeBeforeTax": "44866000000.00",
            "minorityInterest": null,
            "netIncome": "36431000000.00",
            "sellingGeneralAdministrative": "34155000000.00",
            "sellingAndMarketingExpenses": "3351000000.00",
            "grossProfit": "110135000000.00",
            "reconciledDepreciation": "8368000000.00",
            "ebit": "44866000000.00",
            "ebitda": "53234000000.00",
            "depreciationAndAmortization": "8368000000.00",
            "nonOperatingIncomeNetOther": null,
            "operatingIncome": "44866000000.00",
            "otherOperatingExpenses": "97649000000.00",
            "interestExpense": "26795000000.00",
            "taxProvision": "8114000000.00",
            "interestIncome": "84040000000.00",
            "netInterestIncome": "57245000000.00",
            "extraordinaryItems": null,
            "nonRecurring": null,
            "otherItems": null,
            "incomeTaxExpense": "8435000000.00",
            "totalRevenue": "142515000000.00",
            "totalOperatingExpenses": "65269000000.00",
            "costOfRevenue": "32380000000.00",
            "totalOtherIncomeExpenseNet": "-5086000000.00",
            "discontinuedOperations": null,
            "netIncomeFromContinuingOps": "36431000000.00",
            "netIncomeApplicableToCommonShares": "34642000000.00",
            "preferredStockAndOtherAdjustments": null
        },
        "2018-12-31": {
            "date": "2018-12-31",
            "filing_date": "2019-02-26",
            "currency_symbol": "USD",
            "researchDevelopment": null,
            "effectOfAccountingCharges": null,
            "incomeBeforeTax": "40764000000.00",
            "minorityInterest": null,
            "netIncome": "32474000000.00",
            "sellingGeneralAdministrative": "33117000000.00",
            "sellingAndMarketingExpenses": "3044000000.00",
            "grossProfit": "103912000000.00",
            "reconciledDepreciation": "7791000000.00",
            "ebit": "40764000000.00",
            "ebitda": "48555000000.00",
            "depreciationAndAmortization": "7791000000.00",
            "nonOperatingIncomeNetOther": null,
            "operatingIncome": "40764000000.00",
            "otherOperatingExpenses": "89060000000.00",
            "interestExpense": "21041000000.00",
            "taxProvision": "8290000000.00",
            "interestIncome": "77442000000.00",
            "netInterestIncome": "55059000000.00",
            "extraordinaryItems": "302000000.00",
            "nonRecurring": null,
            "otherItems": null,
            "incomeTaxExpense": "8290000000.00",
            "totalRevenue": "129824000000.00",
            "totalOperatingExpenses": "63148000000.00",
            "costOfRevenue": "25912000000.00",
            "totalOtherIncomeExpenseNet": "-5563000000.00",
            "discontinuedOperations": null,
            "netIncomeFromContinuingOps": "32474000000.00",
            "netIncomeApplicableToCommonShares": "30709000000.00",
            "preferredStockAndOtherAdjustments": null
        },
        "2017-12-31": {
            "date": "2017-12-31",
            "filing_date": "2018-02-27",
            "currency_symbol": "USD",
            "researchDevelopment": "0.00",
            "effectOfAccountingCharges": null,
            "incomeBeforeTax": "35900000000.00",
            "minorityInterest": "26081000000.00",
            "netIncome": "24441000000.00",
            "sellingGeneralAdministrative": "31208000000.00",
            "sellingAndMarketingExpenses": "2900000000.00",
            "grossProfit": "95415000000.00",
            "reconciledDepreciation": "6179000000.00",
            "ebit": "35900000000.00",
            "ebitda": "42079000000.00",
            "depreciationAndAmortization": "6179000000.00",
            "nonOperatingIncomeNetOther": null,
            "operatingIncome": "35900000000.00",
            "otherOperatingExpenses": "78679000000.00",
            "interestExpense": "13874000000.00",
            "taxProvision": "11459000000.00",
            "interestIncome": "64372000000.00",
            "netInterestIncome": "50097000000.00",
            "extraordinaryItems": "-1900000000.00",
            "nonRecurring": null,
            "otherItems": null,
            "incomeTaxExpense": "11459000000.00",
            "totalRevenue": "114579000000.00",
            "totalOperatingExpenses": "59515000000.00",
            "costOfRevenue": "19164000000.00",
            "totalOtherIncomeExpenseNet": "-5409000000.00",
            "discontinuedOperations": null,
            "netIncomeFromContinuingOps": "24441000000.00",
            "netIncomeApplicableToCommonShares": "22567000000.00",
            "preferredStockAndOtherAdjustments": null
        },
        "2016-12-31": {
            "date": "2016-12-31",
            "filing_date": "2017-02-28",
            "currency_symbol": "USD",
            "researchDevelopment": "0.00",
            "effectOfAccountingCharges": null,
            "incomeBeforeTax": "34536000000.00",
            "minorityInterest": "39047000000.00",
            "netIncome": "24733000000.00",
            "sellingGeneralAdministrative": "30203000000.00",
            "sellingAndMarketingExpenses": "2897000000.00",
            "grossProfit": "91208000000.00",
            "reconciledDepreciation": null,
            "ebit": "34536000000.00",
            "ebitda": "40014000000.00",
            "depreciationAndAmortization": "5478000000.00",
            "nonOperatingIncomeNetOther": null,
            "operatingIncome": "34536000000.00",
            "otherOperatingExpenses": "71851000000.00",
            "interestExpense": "9818000000.00",
            "taxProvision": "9803000000.00",
            "interestIncome": "55901000000.00",
            "netInterestIncome": "46083000000.00",
            "extraordinaryItems": null,
            "nonRecurring": null,
            "otherItems": null,
            "incomeTaxExpense": "9803000000.00",
            "totalRevenue": "106387000000.00",
            "totalOperatingExpenses": "56672000000.00",
            "costOfRevenue": "15179000000.00",
            "totalOtherIncomeExpenseNet": "-5555000000.00",
            "discontinuedOperations": null,
            "netIncomeFromContinuingOps": "24733000000.00",
            "netIncomeApplicableToCommonShares": "22583000000.00",
            "preferredStockAndOtherAdjustments": null
        },
        "2015-12-31": {
            "date": "2015-12-31",
            "filing_date": "2016-02-23",
            "currency_symbol": "USD",
            "researchDevelopment": "0.00",
            "effectOfAccountingCharges": null,
            "incomeBeforeTax": "30702000000.00",
            "minorityInterest": "41879000000.00",
            "netIncome": "24442000000.00",
            "sellingGeneralAdministrative": "29750000000.00",
            "sellingAndMarketingExpenses": "2708000000.00",
            "grossProfit": "89716000000.00",
            "reconciledDepreciation": null,
            "ebit": "30702000000.00",
            "ebitda": "35642000000.00",
            "depreciationAndAmortization": "4940000000.00",
            "nonOperatingIncomeNetOther": null,
            "operatingIncome": "30702000000.00",
            "otherOperatingExpenses": "70304000000.00",
            "interestExpense": "7463000000.00",
            "taxProvision": "6260000000.00",
            "interestIncome": "50973000000.00",
            "netInterestIncome": "43510000000.00",
            "extraordinaryItems": null,
            "nonRecurring": null,
            "otherItems": null,
            "incomeTaxExpense": "6260000000.00",
            "totalRevenue": "101006000000.00",
            "totalOperatingExpenses": "59014000000.00",
            "costOfRevenue": "11290000000.00",
            "totalOtherIncomeExpenseNet": "-9080000000.00",
            "discontinuedOperations": null,
            "netIncomeFromContinuingOps": "24442000000.00",
            "netIncomeApplicableToCommonShares": "22406000000.00",
            "preferredStockAndOtherAdjustments": null
        },
        "2014-12-31": {
            "date": "2014-12-31",
            "filing_date": "2015-02-24",
            "currency_symbol": "USD",
            "researchDevelopment": "0.00",
            "effectOfAccountingCharges": null,
            "incomeBeforeTax": "30699000000.00",
            "minorityInterest": "52320000000.00",
            "netIncome": "21745000000.00",
            "sellingGeneralAdministrative": "30160000000.00",
            "sellingAndMarketingExpenses": "2550000000.00",
            "grossProfit": "91973000000.00",
            "reconciledDepreciation": null,
            "ebit": "30699000000.00",
            "ebitda": "35458000000.00",
            "depreciationAndAmortization": "4759000000.00",
            "nonOperatingIncomeNetOther": null,
            "operatingIncome": "30699000000.00",
            "otherOperatingExpenses": "72310000000.00",
            "interestExpense": "7897000000.00",
            "taxProvision": null,
            "interestIncome": null,
            "netInterestIncome": null,
            "extraordinaryItems": null,
            "nonRecurring": null,
            "otherItems": null,
            "incomeTaxExpense": "8954000000.00",
            "totalRevenue": "103009000000.00",
            "totalOperatingExpenses": "61274000000.00",
            "costOfRevenue": "11036000000.00",
            "totalOtherIncomeExpenseNet": "-11146000000.00",
            "discontinuedOperations": null,
            "netIncomeFromContinuingOps": "21762000000.00",
            "netIncomeApplicableToCommonShares": "20093000000.00",
            "preferredStockAndOtherAdjustments": null
        },
        "2013-12-31": {
            "date": "2013-12-31",
            "filing_date": "2014-02-20",
            "currency_symbol": "USD",
            "researchDevelopment": "0.00",
            "effectOfAccountingCharges": null,
            "incomeBeforeTax": "26675000000.00",
            "minorityInterest": null,
            "netIncome": "17886000000.00",
            "sellingGeneralAdministrative": "30810000000.00",
            "sellingAndMarketingExpenses": "2500000000.00",
            "grossProfit": "97142000000.00",
            "reconciledDepreciation": null,
            "ebit": "26675000000.00",
            "ebitda": "31981000000.00",
            "depreciationAndAmortization": "5306000000.00",
            "nonOperatingIncomeNetOther": null,
            "operatingIncome": "26675000000.00",
            "otherOperatingExpenses": "80042000000.00",
            "interestExpense": "9350000000.00",
            "taxProvision": null,
            "interestIncome": null,
            "netInterestIncome": null,
            "extraordinaryItems": null,
            "nonRecurring": null,
            "otherItems": null,
            "incomeTaxExpense": "8789000000.00",
            "totalRevenue": "106717000000.00",
            "totalOperatingExpenses": "70467000000.00",
            "costOfRevenue": "9575000000.00",
            "totalOtherIncomeExpenseNet": "-20398000000.00",
            "discontinuedOperations": null,
            "netIncomeFromContinuingOps": "33905000000.00",
            "netIncomeApplicableToCommonShares": "16593000000.00",
            "preferredStockAndOtherAdjustments": null
        },
        "2012-12-31": {
            "date": "2012-12-31",
            "filing_date": "2013-02-28",
            "currency_symbol": "USD",
            "researchDevelopment": "0.00",
            "effectOfAccountingCharges": null,
            "incomeBeforeTax": "28917000000.00",
            "minorityInterest": null,
            "netIncome": "20530000000.00",
            "sellingGeneralAdministrative": "30585000000.00",
            "sellingAndMarketingExpenses": "2577000000.00",
            "grossProfit": "93646000000.00",
            "reconciledDepreciation": null,
            "ebit": "28917000000.00",
            "ebitda": "34064000000.00",
            "depreciationAndAmortization": "5147000000.00",
            "nonOperatingIncomeNetOther": null,
            "operatingIncome": "28917000000.00",
            "otherOperatingExpenses": "79157000000.00",
            "interestExpense": "11043000000.00",
            "taxProvision": null,
            "interestIncome": null,
            "netInterestIncome": null,
            "extraordinaryItems": null,
            "nonRecurring": null,
            "otherItems": null,
            "incomeTaxExpense": "7633000000.00",
            "totalRevenue": "108074000000.00",
            "totalOperatingExpenses": "64729000000.00",
            "costOfRevenue": "14428000000.00",
            "totalOtherIncomeExpenseNet": "-3012000000.00",
            "discontinuedOperations": null,
            "netIncomeFromContinuingOps": "36550000000.00",
            "netIncomeApplicableToCommonShares": "19877000000.00",
            "preferredStockAndOtherAdjustments": null
        },
        "2011-12-31": {
            "date": "2011-12-31",
            "filing_date": "2012-02-29",
            "currency_symbol": "USD",
            "researchDevelopment": "0.00",
            "effectOfAccountingCharges": null,
            "incomeBeforeTax": "26749000000.00",
            "minorityInterest": null,
            "netIncome": "18197000000.00",
            "sellingGeneralAdministrative": "29037000000.00",
            "sellingAndMarketingExpenses": "3143000000.00",
            "grossProfit": "89660000000.00",
            "reconciledDepreciation": null,
            "ebit": "26749000000.00",
            "ebitda": "31854000000.00",
            "depreciationAndAmortization": "5105000000.00",
            "nonOperatingIncomeNetOther": null,
            "operatingIncome": "26749000000.00",
            "otherOperatingExpenses": "84089000000.00",
            "interestExpense": "13604000000.00",
            "taxProvision": null,
            "interestIncome": null,
            "netInterestIncome": null,
            "extraordinaryItems": null,
            "nonRecurring": null,
            "otherItems": null,
            "incomeTaxExpense": "7773000000.00",
            "totalRevenue": "110838000000.00",
            "totalOperatingExpenses": "62911000000.00",
            "costOfRevenue": "21178000000.00",
            "totalOtherIncomeExpenseNet": "-4976000000.00",
            "discontinuedOperations": null,
            "netIncomeFromContinuingOps": "18976000000.00",
            "netIncomeApplicableToCommonShares": "17568000000.00",
            "preferredStockAndOtherAdjustments": null
        },
        "2010-12-31": {
            "date": "2010-12-31",
            "filing_date": "2011-02-28",
            "currency_symbol": "USD",
            "researchDevelopment": "0.00",
            "effectOfAccountingCharges": null,
            "incomeBeforeTax": "24859000000.00",
            "minorityInterest": null,
            "netIncome": "16406000000.00",
            "sellingGeneralAdministrative": "28124000000.00",
            "sellingAndMarketingExpenses": "2446000000.00",
            "grossProfit": "86055000000.00",
            "reconciledDepreciation": null,
            "ebit": "24859000000.00",
            "ebitda": "29824000000.00",
            "depreciationAndAmortization": "4965000000.00",
            "nonOperatingIncomeNetOther": null,
            "operatingIncome": "24859000000.00",
            "otherOperatingExpenses": "90616000000.00",
            "interestExpense": "12781000000.00",
            "taxProvision": null,
            "interestIncome": null,
            "netInterestIncome": null,
            "extraordinaryItems": null,
            "nonRecurring": null,
            "otherItems": null,
            "incomeTaxExpense": "7489000000.00",
            "totalRevenue": "115475000000.00",
            "totalOperatingExpenses": "61196000000.00",
            "costOfRevenue": "29420000000.00",
            "totalOtherIncomeExpenseNet": "-7492000000.00",
            "discontinuedOperations": null,
            "netIncomeFromContinuingOps": "17370000000.00",
            "netIncomeApplicableToCommonShares": "15764000000.00",
            "preferredStockAndOtherAdjustments": null
        },
        "2009-12-31": {
            "date": "2009-12-31",
            "filing_date": "2010-02-24",
            "currency_symbol": "USD",
            "researchDevelopment": "0.00",
            "effectOfAccountingCharges": null,
            "incomeBeforeTax": "16067000000.00",
            "minorityInterest": null,
            "netIncome": "10025000000.00",
            "sellingGeneralAdministrative": "26928000000.00",
            "sellingAndMarketingExpenses": "1777000000.00",
            "grossProfit": "68419000000.00",
            "reconciledDepreciation": null,
            "ebit": "16067000000.00",
            "ebitda": "20425000000.00",
            "depreciationAndAmortization": "4358000000.00",
            "nonOperatingIncomeNetOther": null,
            "operatingIncome": "16067000000.00",
            "otherOperatingExpenses": "99565000000.00",
            "interestExpense": "15198000000.00",
            "taxProvision": null,
            "interestIncome": null,
            "netInterestIncome": null,
            "extraordinaryItems": "76000000.00",
            "nonRecurring": null,
            "otherItems": null,
            "incomeTaxExpense": "4415000000.00",
            "totalRevenue": "115632000000.00",
            "totalOperatingExpenses": "52352000000.00",
            "costOfRevenue": "47213000000.00",
            "totalOtherIncomeExpenseNet": "-18057000000.00",
            "discontinuedOperations": null,
            "netIncomeFromContinuingOps": "11652000000.00",
            "netIncomeApplicableToCommonShares": "8774000000.00",
            "preferredStockAndOtherAdjustments": null
        },
        "2008-12-31": {
            "date": "2008-12-31",
            "filing_date": "2009-03-02",
            "currency_symbol": "USD",
            "researchDevelopment": null,
            "effectOfAccountingCharges": null,
            "incomeBeforeTax": "2773000000.00",
            "minorityInterest": null,
            "netIncome": "5605000000.00",
            "sellingGeneralAdministrative": "22746000000.00",
            "sellingAndMarketingExpenses": "1913000000.00",
            "grossProfit": "46273000000.00",
            "reconciledDepreciation": null,
            "ebit": "2773000000.00",
            "ebitda": "7301000000.00",
            "depreciationAndAmortization": "4528000000.00",
            "nonOperatingIncomeNetOther": null,
            "operatingIncome": "2773000000.00",
            "otherOperatingExpenses": "98718000000.00",
            "interestExpense": "34239000000.00",
            "taxProvision": null,
            "interestIncome": null,
            "netInterestIncome": null,
            "extraordinaryItems": "1906000000.00",
            "nonRecurring": null,
            "otherItems": null,
            "incomeTaxExpense": "-926000000.00",
            "totalRevenue": "101491000000.00",
            "totalOperatingExpenses": "43500000000.00",
            "costOfRevenue": "55218000000.00",
            "totalOtherIncomeExpenseNet": "-39288000000.00",
            "discontinuedOperations": null,
            "netIncomeFromContinuingOps": null,
            "netIncomeApplicableToCommonShares": "3025000000.00",
            "preferredStockAndOtherAdjustments": null
        },
        "2007-12-31": {
            "date": "2007-12-31",
            "filing_date": "2008-02-29",
            "currency_symbol": "USD",
            "researchDevelopment": null,
            "effectOfAccountingCharges": null,
            "incomeBeforeTax": "22805000000.00",
            "minorityInterest": null,
            "netIncome": "15365000000.00",
            "sellingGeneralAdministrative": "22689000000.00",
            "sellingAndMarketingExpenses": "2070000000.00",
            "grossProfit": "64508000000.00",
            "reconciledDepreciation": null,
            "ebit": "22805000000.00",
            "ebitda": "26626000000.00",
            "depreciationAndAmortization": "3821000000.00",
            "nonOperatingIncomeNetOther": null,
            "operatingIncome": "22805000000.00",
            "otherOperatingExpenses": "93548000000.00",
            "interestExpense": "44981000000.00",
            "taxProvision": null,
            "interestIncome": null,
            "netInterestIncome": null,
            "extraordinaryItems": null,
            "nonRecurring": null,
            "otherItems": null,
            "incomeTaxExpense": "7440000000.00",
            "totalRevenue": "116353000000.00",
            "totalOperatingExpenses": "41703000000.00",
            "costOfRevenue": "51845000000.00",
            "totalOtherIncomeExpenseNet": "-44981000000.00",
            "discontinuedOperations": null,
            "netIncomeFromContinuingOps": null,
            "netIncomeApplicableToCommonShares": "15365000000.00",
            "preferredStockAndOtherAdjustments": null
        },
        "2006-12-31": {
            "date": "2006-12-31",
            "filing_date": "2007-03-01",
            "currency_symbol": "USD",
            "researchDevelopment": null,
            "effectOfAccountingCharges": null,
            "incomeBeforeTax": "19886000000.00",
            "minorityInterest": null,
            "netIncome": "14444000000.00",
            "sellingGeneralAdministrative": "21191000000.00",
            "sellingAndMarketingExpenses": "2209000000.00",
            "grossProfit": "58729000000.00",
            "reconciledDepreciation": null,
            "ebit": "19886000000.00",
            "ebitda": "23463000000.00",
            "depreciationAndAmortization": "3577000000.00",
            "nonOperatingIncomeNetOther": null,
            "operatingIncome": "19886000000.00",
            "otherOperatingExpenses": "79978000000.00",
            "interestExpense": "37865000000.00",
            "taxProvision": null,
            "interestIncome": null,
            "netInterestIncome": null,
            "extraordinaryItems": null,
            "nonRecurring": null,
            "otherItems": null,
            "incomeTaxExpense": "6237000000.00",
            "totalRevenue": "99864000000.00",
            "totalOperatingExpenses": "38843000000.00",
            "costOfRevenue": "41135000000.00",
            "totalOtherIncomeExpenseNet": "-38660000000.00",
            "discontinuedOperations": null,
            "netIncomeFromContinuingOps": null,
            "netIncomeApplicableToCommonShares": "13645000000.00",
            "preferredStockAndOtherAdjustments": null
        },
        "2005-12-31": {
            "date": "2005-12-31",
            "filing_date": "2006-03-09",
            "currency_symbol": "USD",
            "researchDevelopment": null,
            "effectOfAccountingCharges": null,
            "incomeBeforeTax": "11839000000.00",
            "minorityInterest": null,
            "netIncome": "8483000000.00",
            "sellingGeneralAdministrative": "18065000000.00",
            "sellingAndMarketingExpenses": "1917000000.00",
            "grossProfit": "50765000000.00",
            "reconciledDepreciation": null,
            "ebit": "11839000000.00",
            "ebitda": "16157000000.00",
            "depreciationAndAmortization": "4318000000.00",
            "nonOperatingIncomeNetOther": null,
            "operatingIncome": "11839000000.00",
            "otherOperatingExpenses": "67929000000.00",
            "interestExpense": "25520000000.00",
            "taxProvision": null,
            "interestIncome": null,
            "netInterestIncome": null,
            "extraordinaryItems": null,
            "nonRecurring": null,
            "otherItems": null,
            "incomeTaxExpense": "3585000000.00",
            "totalRevenue": "79768000000.00",
            "totalOperatingExpenses": "38926000000.00",
            "costOfRevenue": "29003000000.00",
            "totalOtherIncomeExpenseNet": "-25369000000.00",
            "discontinuedOperations": null,
            "netIncomeFromContinuingOps": null,
            "netIncomeApplicableToCommonShares": "8470000000.00",
            "preferredStockAndOtherAdjustments": null
        },
        "2004-12-31": {
            "date": "2004-12-31",
            "filing_date": "2005-03-02",
            "currency_symbol": "USD",
            "researchDevelopment": null,
            "effectOfAccountingCharges": null,
            "incomeBeforeTax": "5856000000.00",
            "minorityInterest": null,
            "netIncome": "4466000000.00",
            "sellingGeneralAdministrative": "14291000000.00",
            "sellingAndMarketingExpenses": "1335000000.00",
            "grossProfit": "39828000000.00",
            "reconciledDepreciation": null,
            "ebit": "5856000000.00",
            "ebitda": "9691000000.00",
            "depreciationAndAmortization": "3835000000.00",
            "nonOperatingIncomeNetOther": null,
            "operatingIncome": "5856000000.00",
            "otherOperatingExpenses": "50449000000.00",
            "interestExpense": "13933000000.00",
            "taxProvision": null,
            "interestIncome": null,
            "netInterestIncome": null,
            "extraordinaryItems": null,
            "nonRecurring": null,
            "otherItems": null,
            "incomeTaxExpense": "1596000000.00",
            "totalRevenue": "56305000000.00",
            "totalOperatingExpenses": "33972000000.00",
            "costOfRevenue": "16477000000.00",
            "totalOtherIncomeExpenseNet": "-5171000000.00",
            "discontinuedOperations": null,
            "netIncomeFromContinuingOps": null,
            "netIncomeApplicableToCommonShares": "4414000000.00",
            "preferredStockAndOtherAdjustments": null
        },
        "2003-12-31": {
            "date": "2003-12-31",
            "filing_date": "2004-02-18",
            "currency_symbol": "USD",
            "researchDevelopment": null,
            "effectOfAccountingCharges": null,
            "incomeBeforeTax": "10028000000.00",
            "minorityInterest": null,
            "netIncome": "6719000000.00",
            "sellingGeneralAdministrative": "11695000000.00",
            "sellingAndMarketingExpenses": "710000000.00",
            "grossProfit": "31716000000.00",
            "reconciledDepreciation": null,
            "ebit": "10028000000.00",
            "ebitda": "13129000000.00",
            "depreciationAndAmortization": "3101000000.00",
            "nonOperatingIncomeNetOther": null,
            "operatingIncome": "10028000000.00",
            "otherOperatingExpenses": "34335000000.00",
            "interestExpense": "11107000000.00",
            "taxProvision": null,
            "interestIncome": null,
            "netInterestIncome": null,
            "extraordinaryItems": null,
            "nonRecurring": null,
            "otherItems": null,
            "incomeTaxExpense": "3309000000.00",
            "totalRevenue": "44363000000.00",
            "totalOperatingExpenses": "21688000000.00",
            "costOfRevenue": "12647000000.00",
            "totalOtherIncomeExpenseNet": "-11107000000.00",
            "discontinuedOperations": null,
            "netIncomeFromContinuingOps": null,
            "netIncomeApplicableToCommonShares": "6668000000.00",
            "preferredStockAndOtherAdjustments": null
        },
        "2002-12-31": {
            "date": "2002-12-31",
            "filing_date": "2003-03-19",
            "currency_symbol": "USD",
            "researchDevelopment": null,
            "effectOfAccountingCharges": null,
            "incomeBeforeTax": "2519000000.00",
            "minorityInterest": null,
            "netIncome": "1663000000.00",
            "sellingGeneralAdministrative": "10693000000.00",
            "sellingAndMarketingExpenses": "689000000.00",
            "grossProfit": "25283000000.00",
            "reconciledDepreciation": null,
            "ebit": "2519000000.00",
            "ebitda": "5945000000.00",
            "depreciationAndAmortization": "3426000000.00",
            "nonOperatingIncomeNetOther": null,
            "operatingIncome": "2519000000.00",
            "otherOperatingExpenses": "40853000000.00",
            "interestExpense": "13758000000.00",
            "taxProvision": null,
            "interestIncome": null,
            "netInterestIncome": null,
            "extraordinaryItems": null,
            "nonRecurring": null,
            "otherItems": null,
            "incomeTaxExpense": "856000000.00",
            "totalRevenue": "43372000000.00",
            "totalOperatingExpenses": "22764000000.00",
            "costOfRevenue": "18089000000.00",
            "totalOtherIncomeExpenseNet": "-13758000000.00",
            "discontinuedOperations": null,
            "netIncomeFromContinuingOps": null,
            "netIncomeApplicableToCommonShares": "1612000000.00",
            "preferredStockAndOtherAdjustments": null
        },
        "2001-12-31": {
            "date": "2001-12-31",
            "filing_date": "2002-03-22",
            "currency_symbol": "USD",
            "researchDevelopment": null,
            "effectOfAccountingCharges": null,
            "incomeBeforeTax": "2566000000.00",
            "minorityInterest": null,
            "netIncome": "1694000000.00",
            "sellingGeneralAdministrative": "11944000000.00",
            "sellingAndMarketingExpenses": "601000000.00",
            "grossProfit": "25865000000.00",
            "reconciledDepreciation": null,
            "ebit": "2566000000.00",
            "ebitda": "5457000000.00",
            "depreciationAndAmortization": "2891000000.00",
            "nonOperatingIncomeNetOther": null,
            "operatingIncome": "2566000000.00",
            "otherOperatingExpenses": "47863000000.00",
            "interestExpense": "21379000000.00",
            "taxProvision": null,
            "interestIncome": null,
            "netInterestIncome": null,
            "extraordinaryItems": null,
            "nonRecurring": null,
            "otherItems": null,
            "incomeTaxExpense": "847000000.00",
            "totalRevenue": "50429000000.00",
            "totalOperatingExpenses": "23299000000.00",
            "costOfRevenue": "24564000000.00",
            "totalOtherIncomeExpenseNet": "-21354000000.00",
            "discontinuedOperations": null,
            "netIncomeFromContinuingOps": null,
            "netIncomeApplicableToCommonShares": "1653000000.00",
            "preferredStockAndOtherAdjustments": null
        },
        "2000-12-31": {
            "date": "2000-12-31",
            "filing_date": "2001-03-22",
            "currency_symbol": "USD",
            "researchDevelopment": null,
            "effectOfAccountingCharges": null,
            "incomeBeforeTax": "8733000000.00",
            "minorityInterest": null,
            "netIncome": "5727000000.00",
            "sellingGeneralAdministrative": "12748000000.00",
            "sellingAndMarketingExpenses": "595000000.00",
            "grossProfit": "31557000000.00",
            "reconciledDepreciation": null,
            "ebit": "8733000000.00",
            "ebitda": "11278000000.00",
            "depreciationAndAmortization": "2545000000.00",
            "nonOperatingIncomeNetOther": null,
            "operatingIncome": "8733000000.00",
            "otherOperatingExpenses": "51332000000.00",
            "interestExpense": "27131000000.00",
            "taxProvision": null,
            "interestIncome": null,
            "netInterestIncome": null,
            "extraordinaryItems": null,
            "nonRecurring": null,
            "otherItems": null,
            "incomeTaxExpense": "3006000000.00",
            "totalRevenue": "60065000000.00",
            "totalOperatingExpenses": "22824000000.00",
            "costOfRevenue": "28508000000.00",
            "totalOtherIncomeExpenseNet": "-29676000000.00",
            "discontinuedOperations": null,
            "netIncomeFromContinuingOps": null,
            "netIncomeApplicableToCommonShares": "5631000000.00",
            "preferredStockAndOtherAdjustments": null
        },
        "1999-12-31": {
            "date": "1999-12-31",
            "filing_date": "2000-03-13",
            "currency_symbol": "USD",
            "researchDevelopment": null,
            "effectOfAccountingCharges": null,
            "incomeBeforeTax": "11489000000.00",
            "minorityInterest": null,
            "netIncome": "7501000000.00",
            "sellingGeneralAdministrative": "10534000000.00",
            "sellingAndMarketingExpenses": "503000000.00",
            "grossProfit": "29484000000.00",
            "reconciledDepreciation": null,
            "ebit": "11489000000.00",
            "ebitda": "13434000000.00",
            "depreciationAndAmortization": "1945000000.00",
            "nonOperatingIncomeNetOther": null,
            "operatingIncome": "11489000000.00",
            "otherOperatingExpenses": "40363000000.00",
            "interestExpense": "20922000000.00",
            "taxProvision": null,
            "interestIncome": null,
            "netInterestIncome": null,
            "extraordinaryItems": null,
            "nonRecurring": null,
            "otherItems": null,
            "incomeTaxExpense": "3988000000.00",
            "totalRevenue": "51852000000.00",
            "totalOperatingExpenses": "17995000000.00",
            "costOfRevenue": "22368000000.00",
            "totalOtherIncomeExpenseNet": "-13438000000.00",
            "discontinuedOperations": null,
            "netIncomeFromContinuingOps": null,
            "netIncomeApplicableToCommonShares": null,
            "preferredStockAndOtherAdjustments": null
        },
        "1998-12-31": {
            "date": "1998-12-31",
            "filing_date": "1999-03-11",
            "currency_symbol": "USD",
            "researchDevelopment": null,
            "effectOfAccountingCharges": null,
            "incomeBeforeTax": "5930000000.00",
            "minorityInterest": null,
            "netIncome": "3782000000.00",
            "sellingGeneralAdministrative": "5879000000.00",
            "sellingAndMarketingExpenses": null,
            "grossProfit": "17313000000.00",
            "reconciledDepreciation": null,
            "ebit": "5930000000.00",
            "ebitda": "7100000000.00",
            "depreciationAndAmortization": "1170000000.00",
            "nonOperatingIncomeNetOther": null,
            "operatingIncome": "5930000000.00",
            "otherOperatingExpenses": "26449000000.00",
            "interestExpense": "13723000000.00",
            "taxProvision": null,
            "interestIncome": null,
            "netInterestIncome": null,
            "extraordinaryItems": null,
            "nonRecurring": null,
            "otherItems": null,
            "incomeTaxExpense": "2148000000.00",
            "totalRevenue": "32379000000.00",
            "totalOperatingExpenses": "11383000000.00",
            "costOfRevenue": "15066000000.00",
            "totalOtherIncomeExpenseNet": "-14893000000.00",
            "discontinuedOperations": null,
            "netIncomeFromContinuingOps": null,
            "netIncomeApplicableToCommonShares": null,
            "preferredStockAndOtherAdjustments": null
        },
        "1997-12-31": {
            "date": "1997-12-31",
            "filing_date": "1998-03-30",
            "currency_symbol": "USD",
            "researchDevelopment": null,
            "effectOfAccountingCharges": null,
            "incomeBeforeTax": "5910000000.00",
            "minorityInterest": null,
            "netIncome": "3708000000.00",
            "sellingGeneralAdministrative": "5437000000.00",
            "sellingAndMarketingExpenses": null,
            "grossProfit": "16004000000.00",
            "reconciledDepreciation": null,
            "ebit": "5910000000.00",
            "ebitda": "6861000000.00",
            "depreciationAndAmortization": "951000000.00",
            "nonOperatingIncomeNetOther": null,
            "operatingIncome": "5910000000.00",
            "otherOperatingExpenses": "24496000000.00",
            "interestExpense": "13598000000.00",
            "taxProvision": null,
            "interestIncome": null,
            "netInterestIncome": null,
            "extraordinaryItems": null,
            "nonRecurring": null,
            "otherItems": null,
            "incomeTaxExpense": "2202000000.00",
            "totalRevenue": "30406000000.00",
            "totalOperatingExpenses": "10094000000.00",
            "costOfRevenue": "14402000000.00",
            "totalOtherIncomeExpenseNet": "-14549000000.00",
            "discontinuedOperations": null,
            "netIncomeFromContinuingOps": null,
            "netIncomeApplicableToCommonShares": null,
            "preferredStockAndOtherAdjustments": null
        },
        "1996-12-31": {
            "date": "1996-12-31",
            "filing_date": "1997-03-25",
            "currency_symbol": "USD",
            "researchDevelopment": null,
            "effectOfAccountingCharges": null,
            "incomeBeforeTax": "3811000000.00",
            "minorityInterest": null,
            "netIncome": "2461000000.00",
            "sellingGeneralAdministrative": "5158000000.00",
            "sellingAndMarketingExpenses": null,
            "grossProfit": "14978000000.00",
            "reconciledDepreciation": null,
            "ebit": "3811000000.00",
            "ebitda": "4680000000.00",
            "depreciationAndAmortization": "869000000.00",
            "nonOperatingIncomeNetOther": null,
            "operatingIncome": "3811000000.00",
            "otherOperatingExpenses": "23633000000.00",
            "interestExpense": "11569000000.00",
            "taxProvision": null,
            "interestIncome": null,
            "netInterestIncome": null,
            "extraordinaryItems": null,
            "nonRecurring": null,
            "otherItems": null,
            "incomeTaxExpense": "1350000000.00",
            "totalRevenue": "27444000000.00",
            "totalOperatingExpenses": "11167000000.00",
            "costOfRevenue": "12466000000.00",
            "totalOtherIncomeExpenseNet": "-12438000000.00",
            "discontinuedOperations": null,
            "netIncomeFromContinuingOps": null,
            "netIncomeApplicableToCommonShares": null,
            "preferredStockAndOtherAdjustments": null
        },
        "1995-12-31": {
            "date": "1995-12-31",
            "filing_date": "1996-03-20",
            "currency_symbol": "USD",
            "researchDevelopment": null,
            "effectOfAccountingCharges": null,
            "incomeBeforeTax": "4812000000.00",
            "minorityInterest": null,
            "netIncome": "2959000000.00",
            "sellingGeneralAdministrative": "5107000000.00",
            "sellingAndMarketingExpenses": null,
            "grossProfit": "14202000000.00",
            "reconciledDepreciation": null,
            "ebit": "4812000000.00",
            "ebitda": "5678000000.00",
            "depreciationAndAmortization": "866000000.00",
            "nonOperatingIncomeNetOther": null,
            "operatingIncome": "4812000000.00",
            "otherOperatingExpenses": "21556000000.00",
            "interestExpense": "11408000000.00",
            "taxProvision": null,
            "interestIncome": null,
            "netInterestIncome": null,
            "extraordinaryItems": null,
            "nonRecurring": null,
            "otherItems": null,
            "incomeTaxExpense": "1842000000.00",
            "totalRevenue": "26368000000.00",
            "totalOperatingExpenses": "9390000000.00",
            "costOfRevenue": "12166000000.00",
            "totalOtherIncomeExpenseNet": "-7284000000.00",
            "discontinuedOperations": null,
            "netIncomeFromContinuingOps": null,
            "netIncomeApplicableToCommonShares": null,
            "preferredStockAndOtherAdjustments": null
        },
        "1994-12-31": {
            "date": "1994-12-31",
            "filing_date": "1995-03-27",
            "currency_symbol": "USD",
            "researchDevelopment": null,
            "effectOfAccountingCharges": null,
            "incomeBeforeTax": "2212000000.00",
            "minorityInterest": null,
            "netIncome": "1294000000.00",
            "sellingGeneralAdministrative": "2644000000.00",
            "sellingAndMarketingExpenses": null,
            "grossProfit": "7721000000.00",
            "reconciledDepreciation": null,
            "ebit": "2212000000.00",
            "ebitda": "2589000000.00",
            "depreciationAndAmortization": "377000000.00",
            "nonOperatingIncomeNetOther": null,
            "operatingIncome": "2212000000.00",
            "otherOperatingExpenses": "10473000000.00",
            "interestExpense": "4414000000.00",
            "taxProvision": null,
            "interestIncome": null,
            "netInterestIncome": null,
            "extraordinaryItems": null,
            "nonRecurring": null,
            "otherItems": null,
            "incomeTaxExpense": "918000000.00",
            "totalRevenue": "12685000000.00",
            "totalOperatingExpenses": "5509000000.00",
            "costOfRevenue": "4964000000.00",
            "totalOtherIncomeExpenseNet": "-4414000000.00",
            "discontinuedOperations": null,
            "netIncomeFromContinuingOps": null,
            "netIncomeApplicableToCommonShares": null,
            "preferredStockAndOtherAdjustments": null
        },
        "1993-12-31": {
            "date": "1993-12-31",
            "filing_date": "1994-03-25",
            "currency_symbol": "USD",
            "researchDevelopment": null,
            "effectOfAccountingCharges": null,
            "incomeBeforeTax": "2108000000.00",
            "minorityInterest": null,
            "netIncome": "1604000000.00",
            "sellingGeneralAdministrative": "2466000000.00",
            "sellingAndMarketingExpenses": null,
            "grossProfit": "7401000000.00",
            "reconciledDepreciation": null,
            "ebit": "2108000000.00",
            "ebitda": "2441000000.00",
            "depreciationAndAmortization": "333000000.00",
            "nonOperatingIncomeNetOther": null,
            "operatingIncome": "2108000000.00",
            "otherOperatingExpenses": "10319000000.00",
            "interestExpense": "3767000000.00",
            "taxProvision": null,
            "interestIncome": null,
            "netInterestIncome": null,
            "extraordinaryItems": null,
            "nonRecurring": null,
            "otherItems": null,
            "incomeTaxExpense": "539000000.00",
            "totalRevenue": "12427000000.00",
            "totalOperatingExpenses": "5293000000.00",
            "costOfRevenue": "5026000000.00",
            "totalOtherIncomeExpenseNet": "-3802000000.00",
            "discontinuedOperations": null,
            "netIncomeFromContinuingOps": null,
            "netIncomeApplicableToCommonShares": null,
            "preferredStockAndOtherAdjustments": null
        },
        "1992-12-31": {
            "date": "1992-12-31",
            "filing_date": "1992-12-31",
            "currency_symbol": "USD",
            "researchDevelopment": null,
            "effectOfAccountingCharges": null,
            "incomeBeforeTax": "1329000000.00",
            "minorityInterest": null,
            "netIncome": "1086000000.00",
            "sellingGeneralAdministrative": "2349000000.00",
            "sellingAndMarketingExpenses": null,
            "grossProfit": "6259000000.00",
            "reconciledDepreciation": null,
            "ebit": "1329000000.00",
            "ebitda": "1648000000.00",
            "depreciationAndAmortization": "319000000.00",
            "nonOperatingIncomeNetOther": null,
            "operatingIncome": "1329000000.00",
            "otherOperatingExpenses": "10845000000.00",
            "interestExpense": "4550000000.00",
            "taxProvision": null,
            "interestIncome": null,
            "netInterestIncome": null,
            "extraordinaryItems": null,
            "nonRecurring": null,
            "otherItems": null,
            "incomeTaxExpense": "243000000.00",
            "totalRevenue": "12174000000.00",
            "totalOperatingExpenses": "4930000000.00",
            "costOfRevenue": "5915000000.00",
            "totalOtherIncomeExpenseNet": "-4550000000.00",
            "discontinuedOperations": null,
            "netIncomeFromContinuingOps": null,
            "netIncomeApplicableToCommonShares": null,
            "preferredStockAndOtherAdjustments": null
        },
        "1991-12-31": {
            "date": "1991-12-31",
            "filing_date": "1991-12-31",
            "currency_symbol": "USD",
            "researchDevelopment": null,
            "effectOfAccountingCharges": null,
            "incomeBeforeTax": "290000000.00",
            "minorityInterest": null,
            "netIncome": "154000000.00",
            "sellingGeneralAdministrative": "2369000000.00",
            "sellingAndMarketingExpenses": null,
            "grossProfit": "5614000000.00",
            "reconciledDepreciation": null,
            "ebit": "290000000.00",
            "ebitda": "482000000.00",
            "depreciationAndAmortization": "192000000.00",
            "nonOperatingIncomeNetOther": null,
            "operatingIncome": "290000000.00",
            "otherOperatingExpenses": "13838000000.00",
            "interestExpense": "7169000000.00",
            "taxProvision": null,
            "interestIncome": null,
            "netInterestIncome": null,
            "extraordinaryItems": null,
            "nonRecurring": null,
            "otherItems": null,
            "incomeTaxExpense": "136000000.00",
            "totalRevenue": "14128000000.00",
            "totalOperatingExpenses": "5324000000.00",
            "costOfRevenue": "8514000000.00",
            "totalOtherIncomeExpenseNet": "-7361000000.00",
            "discontinuedOperations": null,
            "netIncomeFromContinuingOps": null,
            "netIncomeApplicableToCommonShares": null,
            "preferredStockAndOtherAdjustments": null
        },
        "1990-12-31": {
            "date": "1990-12-31",
            "filing_date": "1990-12-31",
            "currency_symbol": "USD",
            "researchDevelopment": null,
            "effectOfAccountingCharges": null,
            "incomeBeforeTax": "346400000.00",
            "minorityInterest": null,
            "netIncome": "291200000.00",
            "sellingGeneralAdministrative": "1335300000.00",
            "sellingAndMarketingExpenses": null,
            "grossProfit": "2969600000.00",
            "reconciledDepreciation": null,
            "ebit": "346400000.00",
            "ebitda": "582400000.00",
            "depreciationAndAmortization": "236000000.00",
            "nonOperatingIncomeNetOther": null,
            "operatingIncome": "346400000.00",
            "otherOperatingExpenses": "7620100000.00",
            "interestExpense": "4459900000.00",
            "taxProvision": null,
            "interestIncome": null,
            "netInterestIncome": null,
            "extraordinaryItems": null,
            "nonRecurring": null,
            "otherItems": null,
            "incomeTaxExpense": "55200000.00",
            "totalRevenue": "7966500000.00",
            "totalOperatingExpenses": "2623200000.00",
            "costOfRevenue": "4996900000.00",
            "totalOtherIncomeExpenseNet": "-4695900000.00",
            "discontinuedOperations": null,
            "netIncomeFromContinuingOps": null,
            "netIncomeApplicableToCommonShares": null,
            "preferredStockAndOtherAdjustments": null
        },
        "1989-12-31": {
            "date": "1989-12-31",
            "filing_date": "1989-12-31",
            "currency_symbol": "USD",
            "researchDevelopment": null,
            "effectOfAccountingCharges": null,
            "incomeBeforeTax": "-453900000.00",
            "minorityInterest": null,
            "netIncome": "-482200000.00",
            "sellingGeneralAdministrative": "1355900000.00",
            "sellingAndMarketingExpenses": null,
            "grossProfit": "2285600000.00",
            "reconciledDepreciation": null,
            "ebit": "-453900000.00",
            "ebitda": "-244900000.00",
            "depreciationAndAmortization": "209000000.00",
            "nonOperatingIncomeNetOther": null,
            "operatingIncome": "-453900000.00",
            "otherOperatingExpenses": "8681000000.00",
            "interestExpense": "4806200000.00",
            "taxProvision": null,
            "interestIncome": null,
            "netInterestIncome": null,
            "extraordinaryItems": null,
            "nonRecurring": null,
            "otherItems": null,
            "incomeTaxExpense": "28300000.00",
            "totalRevenue": "8227100000.00",
            "totalOperatingExpenses": "2739500000.00",
            "costOfRevenue": "5941500000.00",
            "totalOtherIncomeExpenseNet": "-5015200000.00",
            "discontinuedOperations": null,
            "netIncomeFromContinuingOps": null,
            "netIncomeApplicableToCommonShares": null,
            "preferredStockAndOtherAdjustments": null
        },
        "1988-12-31": {
            "date": "1988-12-31",
            "filing_date": "1988-12-31",
            "currency_symbol": "USD",
            "researchDevelopment": null,
            "effectOfAccountingCharges": null,
            "incomeBeforeTax": null,
            "minorityInterest": null,
            "netIncome": "753600000.00",
            "sellingGeneralAdministrative": null,
            "sellingAndMarketingExpenses": null,
            "grossProfit": null,
            "reconciledDepreciation": null,
            "ebit": "753600000.00",
            "ebitda": "753600000.00",
            "depreciationAndAmortization": null,
            "nonOperatingIncomeNetOther": null,
            "operatingIncome": "753600000.00",
            "otherOperatingExpenses": "753600000.00",
            "interestExpense": "0.00",
            "taxProvision": null,
            "interestIncome": null,
            "netInterestIncome": null,
            "extraordinaryItems": null,
            "nonRecurring": null,
            "otherItems": null,
            "incomeTaxExpense": "-753600000.00",
            "totalRevenue": null,
            "totalOperatingExpenses": "753600000.00",
            "costOfRevenue": null,
            "totalOtherIncomeExpenseNet": null,
            "discontinuedOperations": null,
            "netIncomeFromContinuingOps": null,
            "netIncomeApplicableToCommonShares": null,
            "preferredStockAndOtherAdjustments": null
        },
        "1987-12-31": {
            "date": "1987-12-31",
            "filing_date": "1987-12-31",
            "currency_symbol": "USD",
            "researchDevelopment": null,
            "effectOfAccountingCharges": null,
            "incomeBeforeTax": null,
            "minorityInterest": null,
            "netIncome": "-853700000.00",
            "sellingGeneralAdministrative": null,
            "sellingAndMarketingExpenses": null,
            "grossProfit": null,
            "reconciledDepreciation": null,
            "ebit": "-853700000.00",
            "ebitda": "-853700000.00",
            "depreciationAndAmortization": null,
            "nonOperatingIncomeNetOther": null,
            "operatingIncome": "-853700000.00",
            "otherOperatingExpenses": "853700000.00",
            "interestExpense": "0.00",
            "taxProvision": null,
            "interestIncome": null,
            "netInterestIncome": null,
            "extraordinaryItems": null,
            "nonRecurring": null,
            "otherItems": null,
            "incomeTaxExpense": "853700000.00",
            "totalRevenue": null,
            "totalOperatingExpenses": "-853700000.00",
            "costOfRevenue": null,
            "totalOtherIncomeExpenseNet": null,
            "discontinuedOperations": null,
            "netIncomeFromContinuingOps": null,
            "netIncomeApplicableToCommonShares": null,
            "preferredStockAndOtherAdjustments": null
        },
        "1986-12-31": {
            "date": "1986-12-31",
            "filing_date": "1986-12-31",
            "currency_symbol": "USD",
            "researchDevelopment": null,
            "effectOfAccountingCharges": null,
            "incomeBeforeTax": null,
            "minorityInterest": null,
            "netIncome": "402400000.00",
            "sellingGeneralAdministrative": null,
            "sellingAndMarketingExpenses": null,
            "grossProfit": null,
            "reconciledDepreciation": null,
            "ebit": "402400000.00",
            "ebitda": "402400000.00",
            "depreciationAndAmortization": null,
            "nonOperatingIncomeNetOther": null,
            "operatingIncome": "402400000.00",
            "otherOperatingExpenses": "402400000.00",
            "interestExpense": "0.00",
            "taxProvision": null,
            "interestIncome": null,
            "netInterestIncome": null,
            "extraordinaryItems": null,
            "nonRecurring": null,
            "otherItems": null,
            "incomeTaxExpense": "-402400000.00",
            "totalRevenue": null,
            "totalOperatingExpenses": "402400000.00",
            "costOfRevenue": null,
            "totalOtherIncomeExpenseNet": null,
            "discontinuedOperations": null,
            "netIncomeFromContinuingOps": null,
            "netIncomeApplicableToCommonShares": null,
            "preferredStockAndOtherAdjustments": null
        },
        "1985-12-31": {
            "date": "1985-12-31",
            "filing_date": "1985-12-31",
            "currency_symbol": "USD",
            "researchDevelopment": null,
            "effectOfAccountingCharges": null,
            "incomeBeforeTax": null,
            "minorityInterest": null,
            "netIncome": "390200000.00",
            "sellingGeneralAdministrative": null,
            "sellingAndMarketingExpenses": null,
            "grossProfit": null,
            "reconciledDepreciation": null,
            "ebit": "390200000.00",
            "ebitda": "390200000.00",
            "depreciationAndAmortization": null,
            "nonOperatingIncomeNetOther": null,
            "operatingIncome": "390200000.00",
            "otherOperatingExpenses": "390200000.00",
            "interestExpense": "0.00",
            "taxProvision": null,
            "interestIncome": null,
            "netInterestIncome": null,
            "extraordinaryItems": null,
            "nonRecurring": null,
            "otherItems": null,
            "incomeTaxExpense": "-390200000.00",
            "totalRevenue": null,
            "totalOperatingExpenses": "390200000.00",
            "costOfRevenue": null,
            "totalOtherIncomeExpenseNet": null,
            "discontinuedOperations": null,
            "netIncomeFromContinuingOps": null,
            "netIncomeApplicableToCommonShares": null,
            "preferredStockAndOtherAdjustments": null
        }
    }
}